2848 4758
643 379 929 482 ‚³18⁸-

288 555 531 626 insulcabile
553 575 691 644 mergere
706 557 797 644 ,Syna
822 559 863 638 ll,
886 556 1017 646 46418).

287 664 382 750 juge
404 665 508 732 vivere
529 665 640 732 Perist.
663 665 719 745 lV,
745 666 818 733 143.

288 772 395 838 iners
415 765 552 857 jacere
574 772 672 838 nescit
695 770 783 838 Gcth.
806 772 861 852 VI,
886 774 939 839 36.

283 877 377 946 leve
399 880 578 963 praenatans
599 879 712 956 Perist,
734 879 806 959 Vll,
831 881 882 945 73.

288 985 375 1052 1666
394 988 499 1072 jacens
522 987 615 1052 Ham.
641 988 714 1052 769.
738 1006 899 1053 susurrans
922 986 1035 1071 Apoth.
1061 988 1135 1054 846.

281 1092 405 1159 molle
428 1093 568 1179 succingi
590 1093 702 1160 Perist.
725 1094 764 1174 X,
788 1095 863 1161 281.

288 1201 542 1284 penetrabile
565 1199 679 1267 durans
701 1201 811 1286 Psych.
837 1201 910 1269 125.

289 1325 405 1374 suave
427 1309 564 1375 recinens
588 1308 674 1394 Sym.
698 1309 724 1388 1,
742 1310 794 1376 63.

288 1431 405 1480 suane
427 1433 534 1480 sonare
557 1413 646 1481 esth.
669 1415 709 1495 V,
736 1417 808 1484 122.

233 1515 234 1519 ’
281 1518 409 1586 ‘triste
431 1539 538 1586 canere
561 1521 650 1587 (laih.
673 1521 712 1601 V,
736 1524 789 1590 50.

284 1626 409 1693 triste
429 1626 544 1694 intueri
565 1629 677 1695 Perist.
701 1630 740 1711 X,
767 1632 840 1697 719.

283 1733 409 1800 triste
431 1735 560 1801 fremere
583 1735 665 1822 Sym.
689 1739 730 1817 Il,
755 1739 830 1804 292.

386 1840 463 1925 =(cfr.
485 1843 819 1930 ,altiorinsurgens‘
841 1845 950 1930 Psych.
965 1846 1017 1911 31.
1035 1845 1345 1928 ,serenusadspicc

278 1944 375 2014 :carn
406 1950 475 2029 Vll,
500 1952 571 2016 34.“
598 1951 1225 2038 666666666611661666611975.
1266 1952 1345 2031 ,61-

288 2057 453 2142 versam)
476 2058 619 2143 utrosque
635 2059 816 2141 permovet.“
836 2058 946 2124 Perist.
970 2059 1012 2138 Il,
1036 2059 1126 2142 687.)
1158 2065 1159 2068 ’
1408 2141 1409 2146 ¹

264 2249 268 2260 ⁸
392 2163 440 2228 De
463 2165 705 2245 ,quamlibet
728 2165 940 2250 conjunctione
963 2185 991 2248 q.
1013 2166 1042 2231 d.
1059 2164 1231 2231 concessiva
1254 2165 1346 2232 Eres-
1408 2153 1409 2174 ³

287 2289 355 2336 mus
378 2270 652 2337 Roterodamusin
675 2271 895 2339 Commentario
929 2271 971 2336 ad
993 2271 1096 2358 hymn.
1122 2270 1210 2338 cath.
1235 2271 1292 2352 XI,
1315 2293 1344 2338 u.

288 2377 329 2442 17
352 2376 428 2443 haec
449 2377 558 2444 habet:
1408 2459 1409 2462 Ἴ

371 2515 376 2532 =
397 2484 508 2562 ,Recte
525 2485 612 2552 66661
626 2485 729 2567 Nalla,
758 2492 977 2570 ,quamquam“
990 2487 1030 2552 61
1049 2487 1222 2570 ,quamuis“
1250 2485 1346 2552 solers

285 2591 428 2675 praeponi
451 2591 485 2656 in
500 2593 643 2672 oratione,
666 2613 742 2676 quac
765 2593 884 2660 constat
902 2592 1019 2658 duabus
1034 2591 1189 2675 partibus:
1219 2609 1346 2674 ,quam·

286 2717 376 2782 quarn
400 2697 519 2764 alienus
542 2718 583 2778 es,
607 2700 710 2764 tamen
732 2701 764 2764 16
786 2701 822 2764 61
844 2699 1052 2766 Christianum
1074 2703 1171 2766 amur.l
1213 2698 1345 2779 ,Quane
1408 2695 1409 2770 l

285 2805 331 2872 uis
365 2804 450 2871 dives
488 2806 546 2886 sis,
581 2825 640 2871 ncn
659 2805 727 2872 ideo
747 2806 799 2890 jus
821 2806 914 2872 habes
936 2806 969 2872 in
991 2811 1075 2874 nca‘
1106 2803 1219 2871 Contra
1241 2806 1281 2870 fit
1311 2805 1344 2872 in

287 2912 485 2996 ,quamlibet‘,
509 2931 586 2996 quac
607 2914 762 2995 proprium
785 2914 912 2979 uerbum
934 2932 994 2978 non
1016 2912 1118 2992 habet,
1142 2911 1195 2978 scd
1218 2913 1344 2998 subjici-

284 3019 351 3098 tur,
376 3017 420 3084 sic
441 3020 554 3100 temen,
578 3020 614 3084 ub
636 3021 732 3086 oratio
747 3019 850 3102 nonsit
871 3019 904 3083 in
932 3019 1087 3104 geminam
1110 3019 1238 3085 resolui:
1268 3039 1342 3099 ,nnn

285 3126 367 3190 enim
378 3125 436 3209 pili
446 3126 523 3193 iacit
535 3128 574 3207 16,
588 3127 758 3210 quamlibet
773 3125 933 3205 diuitem“,
946 3125 995 3192 vel
1011 3125 1167 3208 ,quamuis
1183 3125 1344 3206 divitem“,

389 3393 435 3462 49)
457 3434 478 3457 ,.
498 3432 505 3446 .
525 3437 531 3448 .
551 3396 600 3449 aut
617 3409 663 3448 cur
681 3393 785 3449 rubrica
802 3393 929 3457 minetur,

455 3499 523 3552 quae
535 3483 658 3553 probibet
670 3499 777 3554 peccare
795 3499 861 3548 reos,
880 3499 946 3552 quos
963 3483 1049 3536 ferrea
1067 3480 1126 3536 1616

454 3575 554 3640 cogunt
572 3571 607 3627 ad
624 3572 737 3637 facinus,
756 3575 785 3628 61
803 3571 963 3627 inevitabile
981 3572 1115 3639 mergunt,

454 3663 518 3731 (non
536 3663 607 3716 enirn
625 3662 751 3731 intellegi
777 3677 853 3732 posse
880 3661 1004 3716 existimo
1031 3674 1167 3728 ,mergara
1184 3657 1346 3734 adleciuus

456 3750 652 3821 ineuitabile“).
699 3743 700 3746 ’

389 3841 434 3909 50)
471 3838 542 3906 Quin
560 3839 619 3909 ipsa
636 3838 726 3894 odoris
744 3839 864 3911 qualitas

471 3927 568 3988 adusta
587 3944 666 3998 quam
684 3927 775 3982 reddit
793 3928 864 3982 cutis

470 4016 599 4072 diuersa
617 4019 743 4088 utrosque
761 4020 898 4088 permovet

471 4106 514 4162 his
531 4105 616 4172 nidor,
634 4106 691 4161 illis
709 4108 802 4161 nectar
820 4109 869 4160 art.
891 4135 924 4146 -
