2848 4758
562 403 793 472 ...19-

147 574 215 640 lans
228 573 281 660 ²⁴),
303 573 374 642 aliis
385 576 506 642 omissis
521 577 687 660 Hcrderus,
704 580 833 648 eximius
847 580 940 668 hujus
962 584 1007 650 rei
1029 582 1133 668 juder,
1160 585 1212 666 qui

147 680 298 765 singulari
309 681 401 747 laude
412 683 616 750 Prudentium
627 686 806 768 cumulavit,
816 690 936 772 quando
948 690 986 755 de
997 691 1118 775 hymnis
1131 691 1212 757 chri-

147 786 257 852 stianis
271 807 368 873 agens
392 789 423 854 et
447 789 577 873 optimos
601 810 734 876 quosque
758 794 885 880 eligens,
910 797 969 861 duo
994 799 1059 883 ejus
1076 799 1212 864 carmina

152 893 237 972 ,lam
252 896 370 961 maesta
382 896 502 978 quiesce
514 899 656 979 querelor
673 897 774 984 (cath.
788 901 818 968 X
839 904 900 969 117
918 903 997 988 sqq.)
1014 904 1045 970 et
1072 903 1212 983 ,Salrete

147 997 236 1066 flores
258 1002 450 1086 martyrum“
478 1001 580 1087 (Cath.
605 1004 667 1070 XII
692 1007 756 1073 125
787 1006 867 1095 sqq.)
891 1009 995 1091 palma
1018 1007 1210 1098 donarit²⁶).

255 1107 410 1190 Imprimis
432 1109 535 1174 autem
559 1113 720 1195 conspicua
743 1114 790 1179 est
811 1114 845 1178 in
859 1113 1047 1181 carminibus
1070 1117 1213 1184 christia·

148 1213 197 1278 nis
219 1213 358 1297 simplex,
381 1215 524 1300 nulloque
548 1218 647 1284 colore
669 1219 775 1286 fucata
797 1219 896 1304 pietas
920 1241 994 1307 erga
1019 1223 1119 1288 Deum
1141 1243 1213 1291 con-

149 1319 290 1401 ditorem,
314 1322 355 1402 et,
390 1323 426 1386 ut
462 1323 674 1409 theologorum
709 1326 842 1394 dictione
876 1329 955 1409 utar,
990 1328 1212 1414 redemptorem

149 1427 266 1508 mundi,
289 1428 358 1493 tum
380 1429 476 1493 animi
510 1430 599 1496 ardor
636 1433 795 1514 excellens,
833 1435 995 1520 praecipue
1031 1437 1064 1502 in
1101 1439 1212 1522 gratiis

149 1533 221 1598 Deo
237 1534 376 1619 agendis,
399 1555 452 1618 pro
476 1536 641 1618 benefieiis,
665 1539 798 1610 humano
821 1542 928 1626 generi
950 1543 1117 1626 praestitis,
1141 1564 1212 1610 can-

150 1639 204 1706 dor
227 1642 259 1724 et
280 1643 373 1707 rubor
395 1643 547 1726 egregius,
572 1663 671 1726 omne,
696 1666 754 1730 quo
776 1648 939 1716 offendaris
962 1651 1095 1734 fugiens,
1119 1652 1151 1717 et
1172 1652 1212 1716 ad

149 1747 295 1812 sublimia
318 1747 479 1831 divinaque
513 1750 659 1818 lectorem
691 1754 856 1838 abripiens,
880 1776 939 1839 quo
971 1757 1023 1837 fit,
1058 1758 1093 1822 ut
1126 1759 1213 1841 quasi

149 1853 339 1918 terrenarum
355 1873 457 1919 rerum
480 1855 595 1922 oblitus
622 1858 717 1926 altius
731 1861 844 1944 sapias,
867 1865 984 1949 majora
999 1866 1095 1946 petas,
1112 1865 1214 1932 animo

150 1959 236 2026 vivas
259 1979 318 2026 non
341 1961 489 2026 sensibus.
536 1963 615 2029 Tum
639 1964 695 2032 hoo
718 1985 835 2050 quoque
858 1970 966 2053 magni
988 1971 1212 2038 aestimandum

150 2084 216 2131 esse
238 2068 322 2149 puto,
346 2066 425 2149 quod
448 2068 604 2150 poetarum
628 2071 862 2140 christianorum
892 2076 1078 2142 carminibus
1108 2078 1214 2162 legen·

150 2173 199 2237 dis
222 2172 343 2238 animus
364 2173 553 2240 christianae
574 2178 735 2262 religionis
758 2181 939 2247 veritatibus
973 2182 1139 2264 imbuitur,
1163 2205 1214 2252 er·

149 2279 259 2361 emplis
283 2297 396 2360 eorum,
421 2300 494 2363 quos
517 2283 647 2350 ecclesia
667 2285 702 2350 in
725 2286 871 2353 caelitum
894 2307 1056 2356 numerum
1093 2291 1212 2372 retulit,

150 2385 392 2469 contemplandis
426 2387 467 2452 ad
499 2387 640 2458 meliores
673 2393 779 2478 fruges
815 2393 906 2474 redit,
941 2415 1026 2462 amor
1059 2397 1091 2462 in
1114 2398 1212 2464 Deum

150 2502 290 2584 angetur,
314 2501 438 2582 similia,
462 2502 537 2568 haec
553 2499 642 2567 'enim
664 2499 767 2566 omnia
790 2501 845 2566 uni
859 2502 968 2586 cuique
991 2505 1137 2584 nostrum,
1162 2504 1214 2587 qui

150 2605 266 2672 Christi
289 2608 459 2674 doctrinam
482 2608 616 2692 amplexi
638 2626 743 2674 sumus
765 2607 797 2673 et
819 2609 951 2674 maxime
973 2611 1144 2676 necessaria
1166 2611 1214 2677 vi·

147 2713 261 2778 dentur
282 2715 373 2798 atque
394 2715 546 2794 omnibns,
570 2732 646 2798 quac
668 2733 688 2778 a
710 2713 807 2796 poetis
831 2715 862 2779 et
889 2717 1008 2800 graecis
1042 2717 1074 2782 et
1105 2716 1213 2784 latinis

149 2821 321 2904 conscripta
344 2823 431 2901 sunt,
466 2822 561 2888 etiam
582 2819 708 2904 optimis
730 2820 761 2884 et
784 2820 1013 2902 perfectissimis
1035 2822 1212 2906 quibusque,

149 2926 357 3009 praeferenda.
402 2929 489 2994 Hace
510 2927 613 2994 omnia
635 2927 670 2992 in
701 2926 853 2992 Prudenti
886 2926 1072 2994 carminibus
1106 2929 1213 3011 quavis

149 3034 264 3118 pagina
285 3033 495 3116 reperiuntur:
519 3053 674 3100 summum
696 3031 893 3116 perfectionis
922 3035 1125 3116 assequendae
1149 3036 1178 3100 st
1199 3070 1214 3084 ·

148 3139 245 3218 dium,
269 3141 401 3206 maxima
424 3139 585 3218 modestia,
609 3159 728 3206 morum
751 3139 888 3219 castitas,
914 3141 1063 3225 martyres
1093 3140 1214 3207 eximiis
1282 3161 1283 3165 ¹

148 3246 292 3312 laudibus
326 3247 478 3327 decorati,
523 3248 589 3314 Deo
632 3246 748 3330 optimo
794 3247 926 3312 maximo
952 3249 1061 3332 gratus
1094 3266 1214 3332 semper

147 3353 270 3418 animus
292 3354 467 3436 praest'tua.
512 3354 550 3419 ln
573 3353 777 3438 depingendis
799 3353 926 3436 poeticis
948 3353 1147 3439 imaginibus,
1179 3354 1213 3419 in

150 3459 320 3538 sententiis,
344 3478 418 3543 quas
431 3459 548 3543 profert
569 3459 654 3526 vario
670 3459 760 3525 modo
775 3459 990 3539 illustrandiis,
1015 3460 1212 3543 explicandis,

149 3566 294 3632 ornandis
316 3565 495 3632 felicissime
510 3565 608 3632 utitur
630 3565 790 3645 coloribus,
822 3585 858 3632 ex
873 3565 968 3633 sacris
989 3565 1079 3633 libris
1101 3567 1214 3633 veteris

257 3761 303 3831 24)
321 3759 356 3816 ad
373 3759 471 3815 Horati
489 3759 577 3817 carm.
596 3760 634 3826 Η,
653 3761 679 3826 2,
698 3761 740 3818 15.

257 3850 303 3920 25)
321 3849 419 3904 Werke
437 3849 554 3918 lating.
576 3850 646 3906 1806
673 3849 725 3904 vol.
754 3849 817 3915 VII,
844 3865 906 3918 pag.
935 3850 995 3906 248.
1036 3850 1085 3914 ,In
1112 3849 1214 3906 diesem

149 3940 213 3994 eone
228 3937 274 3994 die
293 3939 407 3994 Stimme
425 3937 471 3994 des
488 3937 636 4004 Betenden,
652 3937 735 4008 jenen
752 3937 855 3996 nonnae
874 3955 925 3994 nur
940 3936 986 3994 die
1004 3937 1088 3994 Haris
1111 3938 1214 4007 beglei·

149 4030 206 4092 ten,
225 4027 254 4082 ln
271 4025 388 4083 anderen
406 4026 505 4082 schallt
523 4025 567 4082 die
585 4027 715 4093 Peranna,
732 4043 763 4084 es
780 4025 838 4082 ruit
855 4025 912 4082 und
935 4029 998 4082 eone
1024 4027 1068 4082 die
1086 4026 1214 4083 tensend-

147 4115 288 4186 samarga
304 4115 414 4187 orgus

1007 4206 1054 4273 2*
