2848 4758
644 361 876 432 .1p..-⁵

147 539 150 544 '
226 561 280 608 nos
302 543 489 628 legerentur,
512 542 627 627 majore
650 542 781 608 forsitan
803 539 896 608 lande
918 539 1092 607 imerontur
1127 542 1158 606 et
1190 540 1292 606 admi·

225 650 353 729 ratione,
376 649 517 732 idemque
541 648 578 714 do
600 648 849 734 Psychomachia‚
866 648 968 714 nescio
989 665 1030 712 an
1048 647 1128 732 jure,
1151 645 1291 726 dixerim,

226 757 407 822 adversante
437 755 600 834 Dresselio,
623 756 675 840 qui
697 755 812 821 librum
837 756 919 820 hunc
955 751 1217 834 „mediocritatem
1240 752 1292 818 uix

225 862 534 948 superere“dicit1⁹)‚
558 862 630 928 ordo
653 863 735 927 enim
758 862 790 927 et
812 862 989 945 compositio
1010 860 1107 927 totius
1135 859 1291 938 carminis,

226 969 387 1054 granditas
409 970 580 1048 verberum,
605 968 755 1034 crebritas
777 969 1019 1048 sententiarum,
1049 966 1122 1046 ulio,
1145 965 1291 1050 flagitare

227 1076 379 1155 videntur,
402 1077 438 1141 ut
460 1076 594 1158 aequius,
618 1076 673 1140 aut
695 1076 778 1140 certo
801 1093 861 1140 non
898 1074 974 1140 odeo
1006 1074 1161 1151 acerbum,
1196 1071 1233 1137 de
1256 1087 1291 1138 eo

226 1179 282 1247 fiat
302 1182 462 1267 judicium,
487 1181 628 1266 quamvis
650 1183 707 1248 suh
729 1181 822 1248 linem
845 1180 892 1248 uis
914 1181 1033 1264 poetica
1056 1179 1214 1246 minuatur
1239 1197 1290 1243 cr-

226 1289 339 1373 dorquo
362 1289 510 1358 considat.

334 1395 420 1461 hibrr'
444 1397 549 1461 contra
572 1395 790 1496 Symmachum
824 1394 894 1474 duo,
928 1412 1002 1476 quos
1036 1391 1209 1460 Dresselius
1242 1392 1291 1456 di·

227 1501 316 1569 cendi
338 1503 428 1584 atque
452 1497 689 1585 argumentandi
711 1519 821 1589 genere
843 1503 964 1585 praeter
978 1501 1113 1568 caeteros
1136 1517 1289 1566 commen-

227 1607 305 1686 dari,
328 1608 422 1673 immo
444 1608 580 1690 palmam
602 1608 757 1691 postulare
781 1608 921 1693 dioit20),
944 1607 1070 1690 poeticis
1093 1605 1216 1689 quidem
1245 1606 1291 1670 le·

227 1715 349 1798 poribus
373 1714 487 1793 carent,
511 1733 605 1797 quum
630 1714 700 1780 finis
734 1732 839 1780 eorum
871 1714 962 1798 longe
997 1715 1038 1780 sit
1071 1713 1161 1792 alins,
1197 1729 1287 1796 quem

196 1865 199 1872 ι
228 1839 317 1904 quem
333 1821 442 1887 volunt
463 1821 581 1904 poetae,
606 1820 785 1887 confutandi
808 1839 916 1903 nempe
947 1821 1147 1904 vincendique
1180 1819 1291 1885 adver·
1401 1850 1402 1884 r

226 1928 319 1993 sarii:
343 1929 424 1992 inest
446 1928 485 1992 iis
508 1927 611 1992 tamen
643 1927 793 2009 quaedam
830 1928 887 2008 uis,
921 1947 974 2010 spe
1009 1929 1110 1993 certae
1144 1927 1290 1994 victoriae
1401 1943 1402 1948 ¹

227 2034 357 2100 incitata
378 2035 470 2117 atque
493 2034 593 2112 aucta
616 2034 698 2098 inest
720 2034 818 2099 virtus
841 2034 985 2100 orationis
1009 2035 1120 2100 eximia
1154 2035 1187 2100 et
1219 2048 1290 2099 vere

229 2141 407 2221 christiana,
432 2159 491 2223 qua
513 2140 742 2225 Symmachum,
766 2139 876 2204 timide
891 2141 963 2206 deos
985 2159 1054 2208 suos
1077 2140 1291 2207 commendan-

228 2252 291 2314 tem
315 2248 407 2313 focile
432 2247 555 2330 superat
578 2247 820 2329 prosternitque3
842 2246 925 2330 prior
958 2249 1037 2313 liber
1069 2248 1291 2331 antiquitatum

228 2374 433 2433 romanarum,
468 2353 627 2437 praecipue
650 2353 690 2418 ad
723 2353 905 2438 religionem
938 2354 1143 2436 spectantium
1169 2353 1290 2430 notitia,

228 2462 308 2527 alter
330 2461 490 2544 aptissima
513 2461 660 2526 materiae
683 2458 880 2542 dispositione
901 2459 1035 2544 legentis
1068 2460 1204 2525 animum
1239 2459 1292 2523 de·
1402 2469 1403 2472 ’

228 2569 333 2647 leotat
358 2586 456 2633 sermo
479 2567 513 2631 in
535 2569 663 2649 utroque
685 2585 790 2649 purus,
814 2567 949 2652 elegans,
973 2567 1161 2633 emendatus.

336 2674 457 2756 Quanto
479 2675 582 2739 autem
605 2673 702 2756 poesis
726 2673 892 2738 christiana
915 2673 1105 2739 ethnicorum
1127 2672 1219 2755 poesi,
1242 2671 1293 2737 vel

230 2781 326 2865 ipsius
349 2781 486 2865 Augusti
509 2780 610 2845 aetate
631 2779 762 2859 florenti,
787 2781 916 2846 excellat
949 2781 1042 2863 atque
1075 2781 1209 2848 emineat
1242 2777 1292 2844 vel

229 2909 266 2954 er
300 2888 393 2953 solius
427 2887 577 2952 Prudenti
607 2886 713 2971 lyricis
748 2886 935 2953 carminibus
969 2887 1170 2971 cognoscitur,
1205 2886 1293 2971 cujus

231 2993 465 3060 Cathemerinon
487 2994 566 3059 liber
589 2994 620 3057 et
643 2993 776 3057 maxima
798 3011 870 3076 pars
892 2995 1075 3078 hymnorum
1097 2994 1293 3078 Peristepha·

230 3120 290 3166 non
313 3100 467 3183 specimen
490 3099 678 3165 christianae
699 3100 785 3184 lyrae
805 3100 874 3185 jure
897 3102 1054 3166 vocantur.
1101 3099 1169 3168 Hac
1200 3101 1238 3166 de
1259 3119 1301 3166 re.

230 3209 311 3272 inter
334 3225 438 3272 omnes
460 3207 524 3270 fere
548 3206 739 3271 doctissimos
773 3207 805 3271 et
839 3206 973 3272 eruditos
1007 3207 1098 3287 viros,
1133 3207 1161 3273 si
1194 3208 1293 3274 solum

231 3313 492 3397 Bernhardy'um‚
514 3311 683 3378 Prudentio
704 3312 775 3395 plus
797 3331 892 3395 aequo
921 3309 1081 3379 inimicum
1094 3315 1225 3400 excipias
1240 3313 1292 3400 ²¹),

230 3439 291 3486 una
314 3437 369 3486 vor
392 3419 448 3484 est.
494 3418 665 3486 Nonnullos
684 3419 753 3504 jam
776 3438 868 3501 supra
890 3419 1177 3508 nominavimus²²)‚
1208 3439 1292 3486 acce-

232 3526 326 3592 dunt:
350 3525 483 3590 Isidorus
498 3525 691 3608 Hispalensis
711 3524 859 3605 „dulcem
883 3543 934 3591 ore
949 3526 1289 3593 erimioPrudentiurn·

231 3651 341 3699 vocans
354 3632 408 3719 ²³),
431 3632 599 3717 Bentleyus
626 3681 639 3710 „
665 3632 810 3698 Flaccum
833 3631 1054 3698 christianum“
1086 3652 1155 3699 eum
1189 3634 1294 3717 uppal-

233 3775 445 3785 α--ι-

339 3845 373 3900 19
391 3847 420 3901 et
438 3843 483 3918 20)
501 3842 618 3899 Dreseol.
635 3841 755 3913 prolegg.
774 3855 837 3914 pag.
862 3843 922 3900 XX·

337 3933 383 3998 21)
402 3932 558 4002 Bernhardy
577 3934 594 3988 l.
615 3932 633 3987 l.

338 4023 383 4090 22)
402 4021 448 4076 eir.
467 4020 576 4076 Dressel
594 4021 682 4092 prlgg.
701 4037 762 4092 pag.
783 4018 856 4087 XIX,
875 4027 941 4078 nota
959 4024 1002 4078 56.

338 4111 383 4177 23)
402 4109 470 4166 Ibid.
492 4109 562 4182 apud
580 4111 695 4167 Dressel.
