2848 4758
531 389 748 463 ..79-

111 597 180 646 nam
204 574 365 664 „quamuis
392 574 553 660 utramque
579 574 722 640 naturam
749 571 875 638 obtinet.
920 572 1010 639 Hanc
1032 570 1172 659 regulam

112 686 231 753 videtur
253 685 425 771 neglexisse
447 681 643 748 Prudentius,
688 679 730 744 lli
744 677 827 744 haud
842 679 905 744 scio
927 697 967 744 an
989 680 1103 746 alicubi
1124 697 1173 744 re·

111 791 245 877 periatur
268 791 362 858 etiam
385 789 467 873 apud
489 789 631 872 probatos
660 787 808 852 auctores.
855 782 943 850 Certe
971 786 1053 868 apud
1076 784 1174 852 Aure·

111 898 186 964 lium
210 897 423 984 Augustinum
452 894 598 979 reperio.“
627 929 666 942 -—
693 893 787 960 Locos
817 891 928 976 quibus
964 891 1169 976 „quamlibet“

112 1005 233 1089 scripsit
247 1004 433 1071 Prudentius
456 1022 510 1087 pro
538 1008 757 1087 „quamquam
784 999 833 1066 vel
860 999 1034 1083 „quamvis”
1062 1037 1103 1049 -
1126 1001 1175 1066 in·

113 1114 213 1197 tegros
237 1111 350 1178 affero:

113 1215 198 1285 cath.
221 1218 278 1299 Xl„
304 1219 362 1284 17:
413 1217 475 1296 „llx
498 1233 549 1282 ore
572 1211 910 1299 quamlibetPatris
1040 1249 1051 1262 ·

430 1323 477 1390 Sis
500 1324 584 1389 ortus
607 1323 638 1387 et
660 1323 753 1388 verbo
775 1319 887 1398 editus„

430 1430 547 1496 Tamen
568 1430 695 1514 paterno
717 1428 750 1493 in
772 1431 894 1512 pectore

430 1536 540 1620 Sophia
569 1535 704 1602 callebas
724 1535 839 1618 prius.“

109 1643 201 1712 'cetu
222 1645 312 1725 Vlll„
338 1644 397 1710 53:
449 1641 690 1727 „quamlibet
712 1643 813 1725 spreto
851 1642 916 1707 sine
961 1659 1044 1708 more
1086 1646 1177 1725 pastu

432 1751 538 1835 sponte
564 1749 716 1815 confectos
737 1749 902 1816 'tenuemus
922 1750 1012 1815 artus
1036 1798 1043 1813 .
1068 1799 1076 1814 .
1101 1799 1109 1814 .
1135 1799 1143 1815 .
1168 1774 1176 1816 ε

433 1856 567 1922 vincitur
590 1873 734 1938 semper.
761 1905 768 1919 .
794 1907 801 1921 .
827 1860 853 1919 :¹⁴

115 1965 197 2051 Sym.
222 1965 247 2044 I„
272 1964 354 2030 593:
439 1962 688 2044 „Quamlibet
712 1962 850 2028 illustres
873 1963 991 2029 meritis
1016 2017 1022 2031 .
1047 2015 1055 2032 .
1079 2015 1119 2033 ..
1225 2003 1231 2012 -

433 2068 570 2153 praemia
593 2068 710 2135 virtum
735 2120 743 2135 .
767 2122 774 2137 .
799 2120 806 2137 .
831 2123 838 2138 .

435 2175 532 2241 ardua
561 2174 740 2240 rettulerint
767 2227 774 2244 .
798 2227 806 2244 .
830 2228 838 2243 .
862 2229 869 2244 .

435 2281 528 2366 (598)
566 2283 704 2347 attamen
736 2288 857 2350 ....“

108 2388 226 2456 -Perist
249 2389 304 2468 Xl„
331 2391 411 2455 163:
440 2388 691 2494 „Quamlibet
717 2387 866 2471 aucipites
888 2389 994 2454 terant
1017 2442 1025 2458 .
1050 2444 1056 2458 .
1081 2441 1121 2459 ..

433 2496 633 2560 attamen..
661 2500 719 2559 ..“

116 2588 222 2689 (llam.
246 2603 328 2668 936:
439 2602 681 2685 „quamlibet
712 2601 874 2686 indignam
911 2603 1183 2687 veniafaciamqne

431 2708 639 2794 loquarque.“)

218 2813 385 2881 'Caeterum
410 2815 600 2898 „quamlibet‘
631 2833 701 2881 cum
722 2814 845 2899 proprio
867 2815 959 2880 verbo
981 2814 1097 2900 legitur
1116 2817 1182 2902 jam

117 2921 199 3006 apud
223 2920 327 3002 Quint.
350 2922 376 3001 l„
403 2923 508 2988 1.18:
540 2921 728 3006 „quamlibet
742 2940 850 3004 parum
874 2922 946 2990 sit.
971 2974 979 2990 .
1002 2973 1010 2990 .
1034 2975 1043 2990 .
1066 2924 1183 3008 majora

117 3018 261 3106 tamen&
284 3027 366 3112 apud
382 3027 517 3094 Solinurn
535 3030 565 3095 9.
581 3028 662 3114 (14)
678 3029 771 3095 extr:
804 3027 1053 3108 „Quamlibet
1076 3028 1181 3115 Olym·

117 3135 185 3220 pias
209 3187 216 3202 .
242 3189 247 3202 .
274 3134 484 3202 .·nobiliorem
507 3134 536 3200 ei
558 3121 674 3219 patrein
693 3135 852 3217 acquirere
874 3134 1065 3202 affectaverit
1088 3190 1095 3204 .
1120 3188 1128 3205 .
1152 3141 1177 3205 ,⁸

120 3241 226 3328 (Klotz
249 3261 273 3309 s.
297 3262 326 3309 r.
351 3261 442 3324 quam
464 3241 564 3328 libet).
590 3279 631 3290 -

226 3347 499 3431 Praepositionum„
527 3347 784 3432 conjunctionum„
819 3348 1068 3434 interjectionum
1090 3367 1183 3434 quum

120 3455 155 3521 in
175 3455 294 3520 nullam
324 3452 510 3534 incidissem„
540 3474 617 3537 quac
651 3454 711 3520 huc
733 3455 843 3521 referri
865 3455 1033 3520 mereretur
1054 3493 1099 3503 —
1121 3455 1183 3522 dis-

121 3562 274 3647 putationi
288 3561 379 3626 fincm
397 3561 534 3626 facturus
569 3581 676 3640 essem„
694 3561 754 3627 nisi
775 3561 922 3628 nonnulla
938 3561 1113 3628 annotanda
1123 3561 1184 3628 exi·

120 3667 281 3735 xstimarem
304 3667 342 3732 de
365 3687 400 3734 ea
430 3667 578 3734 Pmdenti
602 3669 678 3748 arte„
713 3687 782 3752 qua„
817 3668 974 3747 Plautum„
1008 3667 1185 3734 Lucretium

122 3774 273 3854 imitatus„
301 3793 360 3840 uno
383 3774 545 3858 eodemque
567 3793 657 3840 versu
685 3775 788 3858 plures
815 3792 904 3841 voces
933 3774 1111 3858 saepissime
1131 3793 1185 3857 po-

122 3881 197 3962 suit„
232 3880 337 3948 eadem
371 3881 477 3947 littera
507 3880 669 3959 ordientes„
704 3879 994 3964 („alliterationem‘
1028 3881 1185 3965 appellant

123 3988 316 4056 recentiores.
341 3987 396 4072 -)

232 4090 585 4178 „annommotionim
609 4113 635 4178 q.
661 4094 690 4162 d.
714 4094 830 4162 rariora
855 4095 929 4162 sunt
950 4094 1102 4180 exempla:
