2848 4758
649 395 870 466 ...30-

229 579 386 658 Arelas,
409 577 470 646 atis
501 577 588 663 (urbs
610 574 732 642 Galliae
754 573 952 640 narbonensis
984 594 1038 658 pro
1061 574 1204 653 Arelate;
1234 575 1290 641 eir.

337 685 452 751 Auson.
475 683 510 748 in
532 682 607 749 alar.
630 682 687 747 urb
712 682 742 760 8,
767 681 812 766 2.)
835 680 946 746 Porist.
971 681 1024 761 IV,
1049 681 1101 748 35.

229 793 369 879 Synna,
399 810 435 857 ao
464 790 552 874 (urbs
574 787 740 873 Phrygiae,
763 787 917 870 lapidibus
940 787 1033 868 olera,
1060 807 1114 872 pro
1138 787 1291 874 Synnada,

334 918 370 965 ae
393 899 443 964 uel
466 896 619 982 Synnada,
643 895 743 979 orum)
770 893 853 978 Sym.
877 894 918 974 II,
943 895 1018 960 247.

334 1006 403 1070 Duo
425 1003 549 1070 nomina
572 1001 704 1080 urbium,
739 1019 816 1084 quae
837 1001 947 1066 neutra
970 1001 1186 1068 terminatione
1210 1002 1294 1068 finiri

229 1112 337 1191 solent,
374 1109 568 1196 ,Seguutnm‘
604 1109 635 1174 et
667 1107 856 1189 ,Tarentum‘
884 1107 1070 1174 Prudentius
1095 1108 1129 1173 in
1152 1116 1207 1187 ,us‘
1230 1109 1294 1175 ter·

229 1218 362 1284 minavit

229 1325 445 1411 Saguntos,
469 1324 481 1389 i
503 1323 614 1402 Perist,
637 1322 692 1402 IV,
720 1323 793 1388 100.

511 1481 519 1496 .
543 1479 551 1495 .
577 1481 585 1496 .
610 1479 617 1494 .
640 1445 732 1513 prope
754 1427 831 1493 litus
852 1425 935 1494 altae
958 1427 1038 1494 forte
1060 1428 1203 1515 Sefflmti.

229 1538 440 1616 Tarentus,
464 1537 476 1601 i
499 1536 582 1621 Sym.
605 1536 648 1615 Ii,
673 1535 801 1619 748⁸⁸y

336 1692 344 1709 .
370 1695 377 1710 .
403 1694 410 1709 .
435 1642 489 1709 sed
512 1642 592 1708 iuvit
613 1659 740 1707 amoena
763 1639 923 1706 Tarentus.

229 1749 398 1835 Thybris
420 1768 474 1833 pro
496 1748 617 1814 Tiberis
638 1747 756 1830 legitur
777 1746 888 1812 Perist
913 1745 984 1826 XII,
1009 1748 1061 1813 29.

340 1855 472 1935 ,dividit
497 1874 564 1921 ossa
588 1853 700 1918 dnum
722 1853 893 1937 Thybris
916 1871 1002 1918 saoer
1025 1902 1032 1918 .
1058 1902 1065 1917 .
1092 1907 1098 1920 .
1124 1902 1131 1918 .

336 1963 426 2048 (Gen.
443 1962 581 2042 ,Tibris‘
605 1960 740 2046 Symll,
752 1961 827 2026 938.
840 1959 947 2025 Vocat.
969 1959 1107 2038 ,Tibris“
1121 1960 1190 2025 ibid
1202 1962 1293 2046 871).

231 2069 449 2136 Garamans
484 2069 567 2154 Sym.
592 2069 633 2147 ΙΙ,
666 2068 730 2134 809
762 2066 872 2149 optimi
901 2065 1020 2132 oodioes
1055 2066 1204 2146 exhibent,
1239 2086 1295 2150 pro

336 2175 502 2254 Garamam
535 2173 644 2259 regula
673 2173 756 2240 enim
778 2175 842 2251 est,
875 2174 911 2236 ut
945 2191 1074 2257 graesae
1108 2173 1226 2240 radices
1260 2175 1295 2239 in

336 2283 410 2363 ,ant‘
435 2283 466 2347 et
500 2282 572 2361 ,ent‘
604 2280 776 2347 desinentes
804 2279 886 2344 reoto
908 2297 981 2344 nasu
1003 2279 1075 2345 ante
1100 2285 1135 2359 ,s‘
1159 2285 1200 2359 ,n‘
1224 2300 1295 2346 enm
1419 2343 1420 2348 ,

336 2390 370 2468 ,t‘
393 2388 539 2472 perdant3
563 2388 599 2452 ut
622 2387 733 2471 ,giges‘
758 2385 901 2467 ,elephas‘
931 2383 1145 2470 ‚Calchas‘⁸').

230 2494 381 2581 Cybebe
413 2514 467 2578 pro
490 2492 602 2580 Cybele
624 2493 742 2578 poetieo
771 2509 854 2558 more
884 2493 1017 2575 positum
1040 2494 1157 2578 legitur
1180 2493 1291 2560 Perist.

336 2601 376 2680 X,
403 2601 476 2667 196.
1419 2677 1420 2682 .

230 2707 427 2792 Gorgona,
462 2726 499 2772 ae
533 2706 657 2792 (Phorci
690 2705 757 2772 filia
791 2706 919 2772 Medusa
954 2703 1069 2793 Γοργώ)
1103 2725 1157 2790 pro
1190 2705 1293 2791 Gorgo
1419 2683 1420 2692 ἵ

336 2814 438 2880 Perist
463 2814 503 2893 X,
527 2815 601 2879 278.
673 2807 675 2812 ’
1419 2805 1420 2814 ’

230 2920 419 3005 Gergesa
441 2939 494 3004 pro
517 2919 682 3003 Gergeseni
711 2919 920 3008 (Γεργεσηνοι)
939 2921 1031 2988 Ham.
1055 2922 1132 2988 413.

230 3026 447 3093 Larentina
469 3045 523 3110 pro
545 3026 690 3091 Larentia
713 3025 795 3110 Sym.
819 3027 861 3104 11,
885 3026 960 3093 563.

337 3133 456 3199 Nomen
484 3132 542 3196 filii
565 3132 677 3207 David,
695 3132 781 3215 'quod
811 3135 844 3197 in
867 3132 995 3218 vulgata
1025 3132 1090 3198 diui
1112 3131 1292 3217 Hieronymi

229 3239 367 3305 versione
391 3237 558 3318 ,Absalom‘
583 3239 729 3304 scribitur
752 3239 820 3324 (eir.
844 3240 966 3324 Regum
990 3239 1030 3317 11,
1057 3240 1108 3319 13,
1135 3239 1167 3324 1)
1190 3241 1292 3305 noster

231 3345 470 3426 ,Abessalon‘
494 3345 569 3412 feeit
592 3345 747 3430 (graecam
764 3346 885 3412 seeutus
907 3345 993 3411 LXX
1008 3344 1176 3412 versionem
1193 3350 1291 3429 Αβεσ-

335 3447 461 3537 sabaia)
484 3451 567 3518 Ham
591 3453 673 3518 563:

341 3559 403 3639 ,Ut
423 3558 532 3643 genuit
554 3558 667 3636 David,
691 3558 768 3624 alias
791 3560 878 3642 pater
901 3559 1044 3642 optimus,
1067 3578 1162 3625 unum

337 3663 453 3732 crimen
474 3664 661 3730 Abessalon¹⁵
690 3715 697 3730 .
722 3713 730 3729 .
756 3713 765 3730 .
790 3714 798 3729 .
821 3666 877 3732 ofr.
901 3684 979 3732 vers.
1004 3666 1079 3731 677.

229 3772 439 3839 Ambacum
462 3791 517 3856 pro
538 3772 693 3851 Habaouo,
707 3769 805 3840 earn
829 3771 884 3851 IV,
908 3772 960 3837 59.

336 4020 381 4090 66)
399 4018 447 4074 eir.
466 4020 540 4076 Neue
558 4020 577 4075 l.
596 4021 613 4076 b
633 4019 656 4076 1.
675 4037 736 4090 pag.
757 4020 817 4077 668.

334 4109 381 4180 87)
398 4107 474 4166 Neue
498 4108 564 4166 ibid.
581 4125 643 4182 pag.
663 4112 722 4166 148.
