2848 4758
586 333 816 402 ..21-

170 531 241 579 vare
263 511 402 596 putuisse
417 510 575 592 videmur,
591 515 678 600 cujus
708 512 754 579 rei
788 516 912 581 unicum
947 515 1119 600 exemplum
1153 518 1237 582 attu-

169 618 243 685 lisse
266 617 381 684 sufficit
403 618 574 702 Peristeph.
597 619 637 696 X,
661 621 848 701 ane-335,
873 622 926 687 ubi
949 622 1015 688 eine
1038 623 1104 688 ulla
1134 643 1237 691 neces·

170 725 263 792 sitate
285 725 356 804 nisi,
387 726 422 789 ut
460 725 675 805 ,verbositati“
717 728 834 810 poetae,
873 747 966 818 quarn
1003 729 1068 812 ipse
1106 751 1135 796 v.
1171 730 1234 796 551

169 833 294 912 fatetur,
334 831 476 912 satisfiat,
499 833 632 918 triginta
655 831 789 916 quinque
804 835 928 902 nomina
951 854 1011 901 nno
1034 835 1146 920 spiritu
1167 856 1237 921 pro·

169 938 366 1004 nunciantur.
391 975 435 985 -
450 937 613 1022 Spondaici
626 958 729 1006 versus
746 941 867 1023 saepius
881 942 1057 1021 occurrunt,
1075 944 1110 1007 ut
1122 942 1234 1026 Apoth.

170 1047 234 1112 266
257 1045 368 1130 Psych.
393 1046 435 1112 98
460 1045 543 1130 Sym.
568 1046 593 1124 l,
618 1045 661 1110 43
686 1045 802 1130 Symm.
827 1046 868 1128 ll,
893 1047 976 1127 856,
1000 1047 1074 1113 solis
1105 1048 1237 1135 dactylis

169 1151 369 1236 compositum
392 1171 487 1216 unum
510 1151 738 1218 observavimus
761 1153 878 1236 Apoth,
897 1154 972 1220 269.
996 1191 1039 1203 —-

276 1259 434 1325 Absolutis
457 1258 507 1339 iis,
523 1276 609 1341 ,quae
631 1277 725 1342 quum
749 1259 787 1325 de
802 1259 989 1326 christianae
1012 1261 1080 1325 tum
1104 1261 1141 1326 de
1164 1281 1236 1344 pru-

170 1366 333 1432 dentianae
354 1365 453 1449 poesis
469 1365 571 1430 indole
595 1366 626 1430 et
648 1366 777 1446 natura,
801 1365 970 1432 virtutibus
993 1367 1024 1432 et
1047 1366 1132 1432 vitiis
1150 1369 1237 1432 erant

170 1472 307 1552 dicenda,
342 1473 434 1555 atque
456 1471 513 1538 hoc
536 1471 625 1537 modo
660 1473 811 1553 excusato,
848 1473 882 1537 ut
908 1491 1075 1556 speramus,
1100 1474 1235 1554 consilio,

169 1599 226 1664 quo
249 1579 393 1646 commoti
415 1578 448 1644 in
470 1578 711 1662 prudentianum
734 1577 857 1645 dicendi
879 1597 976 1663 genus
996 1579 1150 1663 inquirere
1173 1581 1236 1646 sta-

168 1686 294 1765 tuimus,
319 1685 357 1752 ad
381 1685 512 1751 alteram
535 1683 752 1768 disputationis
782 1685 902 1750 nostrae
925 1685 1044 1769 partem
1078 1687 1236 1770 progredi·

168 1813 248 1873 mor,
271 1793 304 1857 in
328 1811 396 1876 qna,
422 1793 563 1876 quoniam
597 1791 636 1857 de
669 1791 799 1876 graecis,
834 1791 1044 1858 aPrudentio
1072 1793 1170 1875 primo
1203 1793 1237 1859 in

167 1901 300 1966 latinam
329 1899 469 1983 linguam
505 1897 643 1978 detortis,
677 1899 743 1982 jam
780 1917 871 1981 supra
905 1897 1048 1977 diximus,
1088 1899 1124 1964 dc
1163 1899 1236 1966 solis

168 2007 276 2073 latinis
299 2005 387 2072 nobis
411 2005 471 2071 erit
493 2004 658 2090 agendum.

276 2111 377 2194 Quum
400 2112 505 2177 antem
528 2111 561 2176 in
584 2109 805 2178 constituendis
828 2109 961 2195 alicujus
983 2112 1127 2190 auctoris,
1152 2131 1181 2194 q.
1206 2112 1234 2176 d.

169 2219 360 2286 neoterismis
382 2218 484 2285 aliena
507 2237 562 2302 ope
585 2217 787 2296 destitutum,
823 2218 873 2284 vix
903 2216 1070 2301 quidquam
1093 2218 1236 2302 proficere

169 2327 263 2393 liceat
296 2326 453 2393 auctorem
491 2323 589 2391 secuti
624 2343 728 2390 sumus
766 2322 839 2389 cler.
886 2323 1093 2389 Reinholdurn
1134 2325 1260 2404 Klotz,‘

171 2451 297 2516 semper,
331 2431 386 2498 ubi
415 2430 502 2498 dubii
531 2431 731 2497 haerebamus
755 2428 915 2515 egregium
939 2429 1005 2514 ejus
1028 2430 1142 2496 librum
1165 2450 1236 2496 con-

170 2540 313 2618 sulentes,
338 2558 427 2622 quem
449 2536 623 2620 inscripsit:

279 2645 558 2725 ,Hanvorterbuch
571 2643 836 2710 derlateinischen
854 2642 1015 2726 Sprache.“
1036 2643 1142 2709 Vierte
1153 2643 1234 2710 Ans·

166 2754 256 2838 gabe.
288 2750 528 2834 Braunschveig
554 2751 639 2816 1866
665 2750 879 2816 —nonnulla
910 2750 1004 2816 etiam
1034 2751 1100 2816 viro
1123 2749 1235 2816 doctis·

167 2859 243 2926 simo
266 2858 426 2926 Frederico
449 2858 546 2936 Neue,
570 2856 725 2936 debemus,
754 2858 842 2943 cujus
858 2857 972 2923 librum
1001 2858 1234 2937 ,Formenlehre

167 2965 221 3031 der
254 2964 456 3031 lateinischen
491 2963 642 3047 Sprache“
681 2963 766 3048 (pars
801 2964 832 3030 ΙΙ
866 2964 968 3038 Mitau
1005 2965 1088 3031 1861
1124 2964 1233 3047 parsi

167 3073 327 3157 stuttgart
351 3071 460 3154 1866),
489 3057 696 3137 eruditissime
727 3070 943 3154 conscriptum,
974 3063 1141 3156 diligenter
1163 3090 1234 3137 eon·
1290 3135 1291 3138 ,

166 3179 339 3245 terebamus
362 3197 430 3244 curu
453 3177 502 3257 iis,
526 3195 603 3260 quae
625 3177 737 3244 nostris
760 3176 879 3244 viribus
902 3197 1008 3244 sumus
1031 3178 1146 3261 adepti.

272 3283 377 3350 Klotzi
400 3283 515 3349 librum
536 3283 747 3366 supradictum
761 3284 972 3367 persolventes
995 3283 1028 3350 in
1050 3285 1164 3350 multos
1186 3285 1233 3350 in-

166 3390 307 3469 cidimus,
332 3389 385 3474 qui
406 3389 556 3455 Prudenti
579 3409 670 3473 opera
692 3391 842 3474 spectant,
863 3410 989 3470 errores,
1013 3391 1077 3458 sive
1093 3391 1234 3476 typothe-

165 3498 268 3563 tnmm
283 3496 411 3575 incuria,
429 3497 493 3562 sive
507 3495 643 3580 ipsorum
665 3497 824 3563 auctorum
840 3497 1048 3582 neglegentia,
1071 3497 1232 3581 praecipue

163 3605 199 3669 in
220 3603 384 3670 afferendis
406 3602 641 3688 indicandisque
663 3623 807 3670 versuum
829 3605 976 3684 numeris,
1000 3605 1127 3670 exortos.
1165 3604 1233 3687 Qua

164 3710 198 3776 in
220 3729 253 3777 re
275 3709 409 3775 manime
431 3708 465 3774 in
487 3709 670 3793 Apotheosis
692 3710 831 3777 versibus
861 3711 1075 3795 computandis
1097 3711 1234 3777 erratum

165 3819 222 3898 est,
246 3817 422 3901 etquidem
456 3817 511 3898 ita,
546 3820 582 3884 ut
612 3818 645 3884 in
668 3818 826 3886 vocabulis
856 3837 910 3901 per
937 3818 997 3896 ,lW
1024 3816 1162 3884 litteram
1185 3835 1232 3882 or·

165 3925 321 3993 dientibus
339 3926 442 3992 rectus
457 3924 579 4009 quidem
595 3926 742 3992 afferatur
764 3943 909 3990 numerus
933 3925 989 3990 cir.
1014 3943 1038 3988 s.
1056 3944 1084 3989 v.
1108 3923 1231 4002 taber,

165 4051 195 4111 a,
229 4050 300 4110 um;
334 4031 563 4111 fabriliter,
597 4031 772 4111 factura,
810 4030 1072 4114 falsiloquus,
1106 4048 1134 4110 a,
1169 4049 1231 4110 um,
