2848 4758
577 357 774 422 ..7-

39 529 41 534 ’
143 551 213 598 cunr
236 533 383 616 appellat,
405 536 528 619 propter
550 537 721 600 carminum
743 534 775 599 et
797 533 890 600 metri
906 532 1087 598 varietatem
1114 545 1201 616 „poo-

39 622 42 630 ’
142 639 276 722 tamque,
300 659 358 724 quo
380 659 469 707 nemo
502 640 635 706 divinius
670 640 707 705 de
739 639 829 706 rebus
863 638 1038 705 christianis
1068 657 1200 722 unquam

143 745 316 828 scripserim
333 745 369 832 ⁸).
416 746 510 814 Olaus
532 747 708 814 Borrichius
737 730 845 829 „supra
867 744 993 830 genium
1016 744 1131 810 saeculi
1154 746 1201 810 sui

142 852 286 918 facundia
317 854 347 918 et
368 854 421 937 pia
454 853 622 919 eruditione
656 852 871 919 assurrexisse“
886 851 913 940 ⁴)
942 871 1010 917 eum
1035 852 1199 932 existimat,

143 977 305 1041 versusque
327 960 403 1045 ojus,
438 960 465 1025 si
485 961 693 1044 quantitatum
723 958 800 1026 vitia
823 959 924 1038 tollas,
947 960 1011 1024 fero
1034 958 1098 1024 sine
1122 959 1201 1024 salc-

141 1063 215 1143 bris,
239 1083 369 1146 sonoros,
394 1066 515 1132 decoros
549 1066 635 1145 dicit,
664 1065 810 1142 Nicotaus
832 1065 987 1144 Heinsius,
1012 1065 1201 1131 dedicatione

141 1170 181 1236 ad
204 1171 405 1238 celsissimum
435 1173 603 1257 principem
626 1171 868 1252 dominandum,
898 1173 1070 1257 episcopum
1092 1172 1200 1256 pader-

141 1277 320 1350 bomenaem
343 1279 417 1352 data
442 1280 630 1358 ‚nemmem-
649 1280 787 1352 voterum
820 1281 934 1364 maiore
968 1299 1038 1348 aum
1061 1299 1201 1352 successu

140 1384 253 1467 poesim
277 1385 477 1460 christianam
493 1387 613 1458 dedisse
628 1386 794 1466 excultam,
814 1387 869 1454 aut
883 1387 1084 1460 laudabiliore
1100 1405 1200 1452 arem-

140 1490 189 1572 plc
205 1492 305 1558 famae
316 1492 348 1556 et
358 1491 531 1575 posteritati
546 1493 715 1586 Prudentio
726 1493 1004 1560 commendavisse“
1020 1493 1198 1578 declarat5).

247 1597 306 1664 Sed
337 1598 447 1682 Jama
479 1599 595 1666 ulidus
618 1599 696 1666 siria
716 1600 776 1666 cru
809 1601 1074 1679 commendatum,
1095 1600 1200 1684 quanti

139 1702 199 1786 ipsi
221 1703 372 1772 faciamus
394 1706 502 1772 audino
523 1707 609 1772 ociis
633 1735 678 1758 e·-

246 1917 275 1982 3)
293 1915 433 1980 noveras.
452 1916 521 1980 libro
540 1917 613 1982 dm
627 1933 688 1988 capa
702 1918 749 1980 XI.

244 2005 273 2072 4)
290 2005 331 2060 De
350 2005 441 2060 Poetis
459 2023 484 2076 p.
504 2008 546 2062 72.

245 2093 273 2159 5)
296 2093 342 2149 cir.
371 2093 455 2149 editio
482 2093 612 2156 Prudenti
641 2112 656 2150 a
684 2094 875 2174 christophoro
903 2095 1020 2152 cellario
1047 2099 1200 2166 comparata

138 2177 224 2238 Halae
253 2179 395 2252 Magdtrg.
427 2177 497 2240 rio'a
526 2183 599 2239 inter
630 2185 802 2250 testimonia,
833 2201 884 2257 qne
915 2185 1013 2240 atiulit
1042 2186 1199 2248 recentiora,

139 2270 275 2327 citimum.
