2848 4758
646 401 850 466 ..10-

324 578 406 646 Hine
434 547 535 644 sermo
563 580 722 661 poetarum
749 577 984 644 ebrietienerum
1013 577 1119 660 paullo
1146 575 1276 653 tanaim,
1401 573 1402 582 ²

219 687 340 765 metior,
364 705 423 750 non
455 687 613 751 verborum
643 685 794 767 exquisite
815 703 941 767 pompe,
972 685 1025 750 sed
1054 683 1276 748 sententiarum

219 793 373 877 gravitate
395 791 542 876 insignis,
572 792 643 857 lrino
663 793 770 877 jejune
793 791 941 874 quaedem
965 793 998 856 et
1019 791 1101 856 mooe
1121 789 1278 856 seribendi

220 899 308 978 ratio,
339 900 410 964 hino
440 899 549 977 etiam,
581 899 608 962 si
630 917 771 964 eoseum
803 899 929 981 optimis
951 898 1057 964 latinis
1080 897 1279 978 peripteribus

220 1021 394 1086 oompurme
417 1005 549 1083 studeas,
572 1023 651 1081 eam,
675 1023 750 1087 quae
772 1005 857 1070 reete
876 1003 1036 1070 seribendo
1054 1003 1197 1085 imposita
1220 1003 1280 1080 est,

220 1130 357 1177 normam
373 1112 551 1194 saepissime
566 1112 707 1178 relietam
719 1112 864 1189 iuvenies,
881 1112 1002 1194 lateque
1018 1129 1067 1175 eos
1080 1109 1219 1193 divagari
1230 1109 1278 1174 is·

220 1219 313 1284 tearis
329 1237 451 1284 neeesse
465 1220 521 1284 est.
547 1219 685 1296 Aooedit,
706 1219 784 1301 qaod
800 1219 831 1283 et
845 1217 984 1283 libertati
1000 1218 1031 1282 et
1044 1217 1158 1280 litteris
1174 1215 1279 1298 inique

221 1327 438 1408 imperatorum
453 1327 563 1404 aetate,
580 1327 698 1410 lingua,
711 1326 824 1407 optime
839 1345 857 1389 a
874 1324 1016 1390 Gieerone
1028 1324 1059 1387 et
1074 1321 1210 1404 apoetis,
1227 1320 1279 1403 qui

221 1431 357 1516 Augusti
379 1435 514 1515 tempore
543 1433 722 1511 floruerant,
752 1431 871 1496 exculta
895 1431 926 1494 in
953 1430 1017 1494 dies
1040 1429 1142 1512 magis
1164 1427 1279 1511 magis·

222 1557 279 1621 que
302 1539 534 1621 depravabatur,
559 1557 654 1621 quum
676 1540 773 1603 rostra
789 1538 924 1614 silerent,
948 1555 1040 1619 quum
1065 1537 1187 1601 senatus
1211 1555 1281 1600 sen-

221 1645 334 1709 tentias
357 1664 416 1709 non
438 1647 607 1730 rogaretur,
632 1665 733 1728 quum,
750 1647 785 1708 ut
801 1645 845 1709 eit
861 1643 948 1709 Corn.
973 1642 1108 1721 Taoitus,
1132 1641 1279 1706 memorie

222 1750 285 1815 iere
308 1769 377 1816 eum
401 1770 471 1817 voee
493 1752 679 1834 perderetur.
705 1751 818 1832 Quodsi
845 1751 983 1832 denique,
1006 1750 1053 1814 uti
1069 1767 1199 1832 aequum
1222 1748 1278 1826 est,

223 1857 383 1935 consedes,
411 1859 578 1924 massarium
602 1859 696 1924 fuisse
719 1876 797 1923 nove
819 1857 967 1940 religione
991 1856 1161 1938 divulgata,
1184 1873 1278 1937 quam

223 1983 318 2030 novae
339 1965 502 2046 opiniones,
526 1965 708 2049 ignotaeque
735 1982 828 2047 usque
851 1965 890 2028 ad
913 1963 990 2028 illud
1013 1963 1136 2044 tempus
1159 1963 1279 2026 senten·
1402 1999 1403 2030 r

222 2070 288 2135 bae
307 2070 463 2135 bominum
486 2072 606 2144 animis,
630 2073 663 2136 in
678 2073 775 2137 tentis
790 2071 934 2149 tenebris,
958 2070 1081 2152 repente
1096 2067 1279 2145 illusissent,

224 2177 259 2241 ut
280 2196 357 2242 nova
380 2195 495 2261 quoque
512 2180 603 2246 verba
625 2179 675 2244 vel
697 2179 895 2264 fingerentur,
919 2178 968 2243 vel
991 2195 1007 2242 e
1030 2195 1140 2261 graeca
1161 2176 1279 2259 lingua,

223 2283 322 2348 latina
336 2284 551 2349 terminatione
567 2285 682 2368 addite,
694 2285 931 2351 transferrentur
953 2282 1099 2370 ,(dabitis
1115 2283 1196 2347 enim
1212 2299 1282 2365 pro·

224 2389 313 2469 leuto,
336 2390 438 2474 iuquit
460 2390 580 2470 Gioero,
611 2393 646 2456 at
668 2393 699 2459 in
735 2394 824 2458 rebus
857 2391 1013 2457 inusitatis
1036 2391 1158 2454 utamur
1181 2388 1282 2456 verbis

224 2496 379 2561 interdum
406 2497 587 2586 inauditis)“
602 2499 639 2584 ⁹),
659 2501 725 2585 jam
749 2499 812 2566 iere
841 2498 943 2564 omnia
976 2497 1117 2576 habebis,
1141 2515 1219 2579 quae
1240 2497 1281 2573 te,
1403 2545 1404 2607 Ξ

225 2602 467 2670 christianorum
501 2607 658 2688 poetarum
687 2606 823 2671 earmina
857 2606 1022 2689 legentem,
1046 2603 1199 2669 offendent
1220 2603 1282 2668 lae-

227 2709 367 2792 dentque,
390 2711 451 2776 nisi
473 2712 551 2778 forte
574 2729 767 2780 numerorum
784 2711 936 2778 desideres
951 2710 1146 2789 mentionem,
1169 2709 1202 2774 iu
1218 2709 1282 2792 qui-

226 2815 283 2882 bus
306 2835 394 2900 saepe
423 2820 581 2901 peecatum
611 2838 675 2884 esse
698 2819 853 2886 neminem
875 2818 967 2902 fugit.
998 2818 1165 2882 Externum
1187 2816 1284 2901 igitur

227 2924 324 3004 poesis
348 2924 503 3003 vestitum,
538 2927 740 2992 exorationis
768 2925 951 3009 pendentem
978 2924 1193 3002 ooneinnitate,
1216 2921 1285 3006 pul·

227 3029 410 3110 ebritudine,
434 3030 600 3114 splendore,
624 3033 735 3117 quibus
756 3032 874 3097 veteres
888 3032 1093 3097 Romanorum
1112 3031 1220 3113 poetae
1234 3046 1284 3094 ex·

228 3135 344 3200 eellunt
366 3154 384 3200 a
408 3135 591 3202 Christianis
615 3156 673 3202 non
702 3138 825 3220 aequari
847 3138 939 3204 faoile
969 3136 1177 3214 concedimus,
1200 3136 1235 3201 st
1257 3134 1284 3200 si

228 3241 381 3306 internam
410 3242 472 3306 vim
497 3242 528 3307 et
549 3243 698 3322 indolem,
723 3242 933 3310 excellentiam
963 3245 994 3310 et
1023 3241 1284 3328 magnificentiam

187 3421 189 3425 v
229 3347 390 3428 spectabis,
413 3349 677 3414 sisenteutiarum
694 3351 891 3435 gravitatem,
915 3369 1044 3430 morum,
1069 3350 1119 3432 qui
1143 3349 1192 3414 vol
1215 3349 1285 3414 des·

229 3453 397 3533 oribuntur,
420 3455 469 3520 vel
484 3454 707 3538 praedicantur,
731 3457 915 3536 uastitatem,
940 3457 1034 3523 celsos
1049 3455 1145 3521 animi
1159 3455 1286 3520 effeetus

229 3560 436 3627 observaveris
469 3581 528 3628 non
565 3564 596 3630 te
626 3566 809 3650 negaturum
840 3564 1025 3630 existimem:
1056 3563 1104 3628 his
1134 3561 1285 3640 omnibus,

229 3806 283 3862 lins
307 3807 337 3862 in
364 3809 567 3878 prolegomenis,
596 3811 711 3868 editioni
734 3811 866 3867 Prudenti
893 3811 1054 3880 praemissis,
1083 3825 1147 3880 pag.
1164 3809 1229 3865 XVI
1254 3808 1286 3863 de

229 3897 316 3966 poetis
334 3897 502 3956 christianis:
530 3904 681 3970 ,posterum
698 3901 832 3970 ligamine
849 3900 893 3956 illi
912 3899 1092 3970 quaerebant,
1110 3916 1164 3955 non
1183 3900 1286 3958 exterat

229 3989 340 4045 umatus
357 3996 505 4058 pompem“.
1210 4011 1211 4016 ¹

335 4095 365 4163 e)
382 4094 475 4157 eroso
492 4095 572 4154 aar.
592 4099 661 4169 pose
681 4097 703 4162 1,
723 4097 748 4161 e,
766 4096 808 4152 eu
