2848 4758
644 408 689 420 ..
734 373 779 440 14
832 410 876 424 ..

391 547 480 614 Ceth.
502 574 546 606 ==
567 546 801 616 Cathemerinon
823 550 911 618 liber.

304 717 307 724 .
387 655 499 739 Apoth.
516 656 611 738 praei.
635 657 660 735 l,
683 657 725 721 Π.
758 687 799 714 =
828 657 1008 742 Apotheosis
1031 659 1107 728 libri
1132 659 1290 746 praelatio.

386 761 498 846 Apoth.
522 791 564 818 =
585 761 766 846 Apotheosis
788 765 875 833 liber.

386 869 479 935 Ham.
503 897 544 926 m
566 870 812 956 flamertigenia.

385 976 495 1060 Psych
519 1005 560 1034 a:
582 977 830 1062 Psychomcohia.

387 1081 469 1168 Sym.
491 1083 514 1162 l,
537 1083 578 1148 Il.
603 1111 644 1140 a:
667 1086 772 1150 eontra
803 1085 1020 1170 Symmachum
1042 1087 1129 1156 libor.

385 1189 496 1258 Perist.
520 1219 561 1248 π
583 1191 823 1274 Peristephenon
846 1192 934 1261 liher.

385 1296 465 1365 Ditt.
489 1327 531 1354 =
553 1297 758 1364 Dittoohaion.

385 1404 467 1488 llpil.
490 1435 532 1460 =
555 1403 713 1489 Epilogus.
738 1443 782 1452 -

332 1510 560 1596 Argumentum
593 1513 731 1577 omnium
776 1513 926 1578 Prudenti
960 1517 1134 1598 poematum
1166 1517 1289 1585 omnino

226 1618 425 1684 christianum
450 1619 506 1696 ost,
530 1619 562 1683 et
586 1618 709 1700 quidem
733 1619 788 1698 ita,
812 1622 847 1684 ut
869 1621 922 1685 ant
938 1641 1026 1687 verae
1044 1623 1205 1708 religionis
1221 1626 1288 1708 ple-

225 1725 288 1790 oita
311 1725 416 1790 contre
437 1741 625 1809 paganorum
660 1726 751 1808 atque
775 1727 1005 1793 'haeretieorum
1040 1748 1155 1796 errores
1184 1731 1288 1797 deien-

226 1833 346 1912 dantur,
382 1833 462 1900 sicnt
495 1833 527 1897 in
558 1833 733 1916 Apotheosi,
768 1834 1020 1919 Hemartigonia,
1055 1837 1144 1902 libris
1183 1839 1287 1904 contra

225 1939 452 2024 Symmachum,
476 1940 631 2004 nonnullis
654 1940 776 2024 hymnis
809 1941 1049 2024 Peristephanon
1081 1943 1137 2028 (ll.
1163 1945 1200 2012 V.
1233 1944 1287 2030 X.)

225 2049 280 2114 eut
301 2047 425 2112 moralis
450 2045 605 2112 doctrinae
629 2047 816 2112 christianae
838 2065 909 2130 pers
940 2049 1032 2114 claris
1063 2050 1213 2116 coloribus
1242 2053 1287 2116 le-

224 2154 365 2240 gentium
388 2154 499 2219 enimis
522 2153 716 2238 depingatur,
739 2156 805 2221 siue
827 2155 1018 2220 ethnicorum
1041 2157 1126 2222 vitiis
1149 2158 1286 2223 crimini-

224 2261 340 2344 busque
364 2261 509 2344 opposito,
531 2261 597 2326 sive
619 2279 672 2344 per
695 2279 727 2326 se
749 2259 876 2327 laudata
905 2263 997 2345 etque
1026 2281 1080 2346 pro
1105 2265 1286 2331 excellentie

224 2385 279 2434 sue
303 2369 524 2447 commendate,
554 2367 635 2434 siout
658 2369 691 2432 in
724 2369 963 2452 Psychomachia
997 2371 1029 2434 et
1052 2369 1284 2437 Cathemerinon

224 2474 312 2552 libro,
336 2475 388 2557 qui
404 2475 671 2554 exhortationibus,
695 2475 875 2564 praeceptis,
898 2475 1023 2540 monitis
1038 2475 1214 2542 utilissimis
1237 2495 1284 2543 re·

225 2581 321 2647 fertus
344 2582 407 2659 est;
423 2583 519 2646 restat
541 2582 671 2668 tertium
691 2582 860 2646 carminum
884 2600 997 2665 genus,
1022 2582 1128 2666 hymni
1150 2583 1284 2650 Periste-

223 2687 344 2771 phanon
356 2687 439 2766 libri,
462 2685 601 2771 martyre
612 2687 751 2752 mloudes
767 2689 966 2767 continentes,
980 2689 1089 2770 quibus
1103 2689 1186 2771 epioo
1198 2707 1282 2756 more

147 2801 150 2806 “
225 2795 387 2873 omoiatus,
439 2795 590 2876 multique
625 2794 753 2873 labores,
781 2813 862 2860 mors
897 2794 1026 2877 denique
1055 2795 1188 2878 gloriose
1231 2797 1284 2862 de-

208 2901 409 2966 seribuntur.
432 2902 493 2966 Res
515 2901 613 2986 igitur
636 2903 798 2966 maximam
816 2902 934 2984 partem
957 2919 1059 2980 novas,
1083 2903 1119 2966 ut
1133 2903 1282 2984 videmus,

223 3007 314 3090 atque
335 3007 376 3072 ad
399 3007 478 3072 illud
501 3025 595 3090 usque
617 3009 737 3090 mmpus
758 3007 856 3090 poetis
879 3027 939 3073 nou
966 3009 1102 3074 tentatas
1135 3011 1281 3089 tractans,

225 3131 328 3180 eorum
359 3115 467 3194 instar,
499 3115 551 3196 qui
581 3135 634 3198 per
657 3115 742 3180 auios
774 3115 893 3181 montes
924 3133 1108 3198 nemorequo
1138 3117 1283 3182 incedunt

222 3237 324 3304 opaea,
348 3222 472 3304 plenum
494 3221 607 3288 laboris
630 3240 714 3304 opus,
737 3221 857 3304 proprio
879 3221 980 3286 Marte
1002 3223 1085 3288 viem
1119 3223 1179 3288 sihi
1211 3239 1282 3306 ape-

222 3327 361 3392 riendam
384 3328 526 3410 suscepit,
551 3345 609 3410 qua
624 3347 657 3394 ro
673 3329 790 3394 lectum
806 3329 861 3408 est,
885 3328 929 3408 ut,
948 3341 1128 3412 quamquem
1151 3329 1281 3412 saepius,

222 3433 256 3498 in
277 3434 441 3502 reddendis
464 3434 640 3500 christianis
664 3435 825 3501 sententiis
847 3453 1035 3520 paganorum
1062 3435 1192 3502 adhibet
1220 3436 1282 3503 elo·

223 3540 359 3609 cotiones
383 3560 417 3608 ex
440 3534 488 3626 gr.
512 3539 600 3606 Ceth
624 3542 663 3621 V,
689 3543 751 3622 ihi

327 3649 384 3713 ille
406 3649 494 3713 nocte
517 3667 601 3714 secer
624 3667 683 3733 qua
706 3649 800 3715 rediit
821 3649 904 3714 Deus

205 3752 214 3770 ⁸
328 3754 487 3839 stagnis
562 3754 608 3820 ad
671 3775 834 3840 superos
898 3773 939 3820 ex
997 3754 1281 3823 acheronticis.

223 3858 311 3928 cath.
335 3861 392 3941 III,
418 3862 491 3928 198.

222 4025 227 4032 .
327 3969 382 4034 De
404 3968 671 4054 Phi-egetonto
694 3969 794 4054 gradu
815 3967 903 4034 facili

327 4075 374 4144 ed
396 4095 560 4160 superos
583 4095 733 4142 remeasse
755 4077 864 4142 Deum.
