2848 4758
555 417 785 494 2353

137 620 208 668 men
231 599 420 688 adjectivum
442 603 655 689 indigendum
681 601 874 686 suscipimus,
898 618 933 668 su
950 621 1038 682 voro,
1063 619 1140 685 quse
1164 597 1201 668 de

138 708 405 776 Substantivorum
421 709 624 776 declinatione
646 709 678 775 ot
693 725 804 794 genere
826 710 898 774 sunt
914 708 1043 775 dioonde
1058 709 1202 792 sequente

137 815 239 898 ospito
261 815 464 896 absolvemus,
488 816 523 882 ut
557 834 617 881 uno
639 815 727 900 quusi
749 815 868 894 obtutu,
903 815 981 881 neoti
1014 831 1101 880 ossus
1124 813 1201 878 utri-

136 940 232 1005 usqus
258 921 390 988 nominis
422 921 659 1006 proprietatibus
682 921 835 1006 expositis,
860 941 902 968 -·
935 919 1053 1003 obliqui
1086 919 1202 985 utnus-

136 1046 225 1094 oasus
248 1027 366 1112 possint
388 1028 552 1095 obseruari.
578 1063 619 1075 -—

576 1582 675 1690 Gap.
709 1577 760 1666 Π.

480 1772 677 1842 nonomine
710 1771 879 1862 missso.

621 1968 650 2052 fi.
684 1969 715 2034 3.

456 2107 671 2195 Adjootivs
724 2109 879 2176 novato

244 2303 305 2370 Res
328 2303 478 2369 tractatos
501 2302 581 2369 vivis
604 2302 754 2369 coloribus
796 2302 940 2383 ,florento
972 2304 1116 2369 orationis
1145 2323 1200 2389 go·

6 2497 7 2502 ἵ
137 2413 226 2475 nero·¹
254 2410 400 2494 pingere,
425 2410 459 2474 ut
482 2409 568 2492 quasi
592 2409 664 2476 suto
687 2409 790 2474 oeulos
812 2408 918 2475 edesse
934 2409 1107 2488 videantur,
1130 2423 1200 2475 vore

136 2516 289 2598 posticum
314 2517 370 2595 ssi,
395 2516 474 2598 qnod
497 2516 534 2580 ut
555 2515 756 2598 assequantur
778 2516 885 2598 poetae
908 2533 1009 2582 rerum
1032 2515 1200 2598 propoiotn·

136 2622 183 2687 tes
207 2621 451 2701 substilissimus,
474 2622 566 2704 utque
588 2620 721 2687 monime
743 2621 783 2686 ad
817 2639 869 2688 eas
901 2622 1098 2706 pertinentes,
1132 2622 1200 2705 qni·

136 2728 253 2812 busquo
275 2728 354 2794 oliae
388 2727 427 2793 ab
449 2727 489 2793 iis
522 2727 673 2793 facillimo
705 2726 937 2812 distinguantur
970 2728 1075 2794 sedulo
1108 2747 1200 2810 appo-

135 2837 224 2914 nunt,
259 2834 423 2917 ,epithetis‘
448 2854 475 2918 q.
512 2833 622 2900 (insoni
655 2833 781 2911 vooont,
814 2834 992 2900 omaniibus
1033 2833 1200 2918 diligenter

134 2941 445 3113 utuntuir‘iudontium
479 3062 595 3130 quoquo
638 3045 711 3112 huie
733 3045 835 3114 studio
881 3047 1013 3113 maximo
1045 3047 1199 3112 intentum

136 3153 336 3236 deditumque
356 3153 453 3220 fuisse
475 3152 525 3220 vei
548 3169 584 3218 ox
599 3171 633 3218 so
671 3169 851 3238 cognoscere
891 3153 976 3232 lieet,
1014 3153 1094 3236 quod
1131 3172 1199 3237 per·
1342 3157 1343 3160 ’

135 3260 235 3325 muita
258 3258 382 3325 nomina
404 3259 560 3345 aojnotive
581 3258 713 3338 finxerit,
729 3276 943 3343 nonnunquam
967 3278 1038 3326 vero
1067 3260 1199 3326 varieta-

135 3366 177 3432 tis
200 3383 291 3444 causo
313 3365 382 3444 dno,
407 3366 455 3432 vel
478 3367 573 3432 otiam
597 3365 657 3432 trio
679 3365 720 3432 ad
743 3365 871 3430 eundem
894 3361 1126 3449 proprietatem
1146 3366 1199 3431 de-

136 3469 336 3558 signandum
375 3472 457 3539 idom
490 3471 631 3539 variandi
664 3472 802 3538 studium
831 3472 899 3558 jam
937 3471 969 3537 in
985 3472 1199 3539 'substantivis

136 3579 308 3646 nominibus
331 3578 486 3646 observari
507 3580 617 3663 potest,
640 3578 774 3664 legimns
796 3577 896 3643 onim:

136 3684 224 3752 Outh.
248 3685 287 3766 X,
311 3687 364 3752 90.
386 3686 484 3769 ,qnod
505 3705 560 3770 per
582 3685 833 3753 oruoiumins
854 3684 908 3750 let'

382 3793 451 3871 ,via
465 3793 611 3876 panditur
633 3791 729 3859 ardua
749 3791 870 3878 justiu¹⁶

135 3897 322 3983 Apoth.‘i0:
351 3918 460 3982 ,quem
472 3897 1192 3966 oontortarnbusdensisoruoistibusedit.“

136 4005 225 4070 Hom.
240 4007 322 4072 834:
340 4005 523 4084 ,vermibus
536 4006 568 4071 ot
582 4003 1195 4071 flammisetdisoruoiotibusaevum

334 4112 526 4191 ,immortale
547 4111 661 4179 dedit*

994 4220 1038 4287 3*
