2848 4758
602 403 821 476 ..51-

524 629 531 646 .
557 630 564 645 .
591 632 598 648 .
622 583 799 664 speciosa
821 581 963 653 Narbo.

286 687 453 758 ofr.·bleue
475 687 500 756 L
524 707 596 773 pag.
621 688 696 756 657.

285 793 419 866 Nomina
440 794 592 864 montium
615 793 708 878 primi
722 794 841 862 ordinis
863 794 896 859 in
920 798 958 874 ,a‘
982 795 1014 860 et
1041 811 1074 875 ‚a
1105 792 1245 858 desinen-

178 901 224 970 tia
246 898 396 972 feminina
418 901 501 981 sunt,
524 901 605 984 apud
621 900 825 972 Prudentium
840 901 944 974 tamen
967 899 1078 968 Perist.
1102 898 1144 979 11,
1168 899 1244 966 540.

179 1006 259 1090 legit
298 1054 306 1071 .

481 1115 675 1202 „Pyrenas
698 1114 946 1199 ninguidos‘

285 1219 420 1294 Nomina
453 1221 592 1304 lapidum
620 1221 799 1304 plerumque
833 1219 981 1286 feminino
1013 1239 1124 1306 genere
1157 1239 1245 1286 usur-

179 1328 305 1410 pantur;
340 1327 422 1411 apud
445 1327 648 1395 Prudentinm
687 1327 1000 1415 “chrysolithus“
1034 1327 1144 1412 Psych.
1169 1326 1244 1393 854.

184 1434 307 1514 ,nativo
329 1435 486 1501 interlitus
508 1441 600 1501 auro·
635 1435 766 1514 dicitnr;
805 1435 1142 1522 „chrysoprasum
1168 1433 1244 1500 ibid.

179 1540 254 1606 865.
271 1540 438 1624 alloquitur
458 1541 711 1625 ,conspicuum‘:

291 1649 339 1728 „te
361 1666 478 1732 quoque
501 1650 696 1732 conspicuum
720 1650 875 1716 structura
897 1648 1054 1716 interserit
1075 1648 1186 1713 erdem

291 1755 587 1840 chrysoprase*

291 1861 522 1945 „pulcerqne
543 1862 727 1945 topazon“
756 1863 810 1946 (τ-
832 1862 968 1945 topazus,
997 1860 1144 1945 topazios)
1168 1860 1245 1926 dici-

179 1970 230 2033 tur
255 1968 332 2033 ibid.
358 1969 431 2034 861.
444 1968 499 2053 ⁴⁴).

286 2075 369 2162 Sym.
394 2074 410 2138 I
432 2075 528 2158 praei.
554 2075 597 2141 74
620 2094 709 2158 seps
739 2075 903 2159 (serpentis
924 2094 1029 2160 genus,
1052 2076 1139 2159 cujus
1166 2074 1245 2140 ictus

179 2201 294 2247 veneno
317 2182 484 2264 putrefacit
507 2182 715 2267 vulneratum)
749 2181 891 2256 feminini
914 2182 1035 2266 generis
1058 2183 1120 2247 est:

396 2309 484 2384 „seps
514 2290 635 2356 insueta
665 2289 749 2355 subit
778 2308 898 2372 serpere
925 2288 1070 2355 flexibus“

180 2396 275 2481 (apud
299 2396 456 2460 Lucanum
483 2395 538 2475 IX,
558 2397 631 2461 723.
661 2395 819 2474 „tabificus
842 2395 957 2481 seps‘)

288 2501 408 2584 Aspis
431 2520 502 2567 vero
518 2501 688 2572 'masculini
711 2502 827 2568 duobus
850 2501 947 2568 locis:

289 2607 372 2691 Sym.
397 2607 412 2670 I
434 2607 531 2690 praef.
556 2609 616 2673 37:
649 2627 823 2686 „excussum
847 2607 1041 2690 aspidem¹⁸
1069 2607 1127 2693 (ita
1142 2627 1246 2674 omnes

180 2714 288 2799 scripti
311 2714 342 2779 et
364 2712 441 2778 editi
456 2715 577 2798 praeter
600 2713 782 2799 Obbarium)
806 2715 837 2779 et
858 2714 970 2794 Perist,
992 2713 1032 2794 X,
1057 2714 1137 2779 227:
1167 2732 1246 2792 „sa-

181 2821 316 2886 cratus
338 2821 448 2902 aspis
472 2820 667 2902 Aesculapii⁸

288 2925 430 2993 Sentii
453 2927 536 3014 Sym.
565 2925 606 3006 ll,
632 2927 735 3004 1043;
766 2929 804 2992 et
827 2928 948 2992 rubus
977 2928 1090 3010 Apoth.
1115 2928 1167 2992 55.
1193 2929 1244 2992 70.

180 3032 330 3099 feminina
357 3034 430 3098 sunt
452 3031 629 3116 (spinosa
652 3033 802 3098 malorum
831 3034 976 3110 sentim
1008 3035 1158 3099 sentam
1180 3053 1246 3098 rn-

287 3321 334 3388 44)
352 3319 430 3376 Aliae
443 3334 520 3390 qnae,
538 3318 608 3390 apud
621 3317 701 3374 Prud
716 3320 956 3374 commemorantur
968 3332 1090 3386 gemmae
1102 3316 1152 3372 hae
1165 3320 1245 3372 sunt:

182 3408 435 3478 amethystina,
455 3424 529 3462 orum
548 3409 595 3477 (:
613 3408 795 3476 amethystus)
814 3407 909 3478 Psych.
923 3408 989 3471 86ος
1008 3405 1161 3474 beryllus
1179 3406 1245 3471 8555

182 3495 370 3551 chalcedon
388 3495 491 3566 (hebes)
510 3496 577 3560 8573
596 3496 788 3565 crystallus
815 3495 931 3564 (algens)
950 3495 1017 3559 8693
1035 3494 1246 3562 hyacinthus

182 3587 249 3656 8573
268 3587 378 3656 iaspis
395 3587 462 3650 8603
481 3585 753 3654 sapphirns855;
772 3583 1001 3654 sardonyches
1020 3586 1076 3653 (yx)
1094 3584 1162 3650 8573
1180 3600 1246 3638 sar·

182 3672 263 3729 dona
281 3675 317 3744 (7)
335 3675 387 3729 861
406 3672 630 3742 smaragdina
652 3676 733 3744 prata
756 3674 816 3729 862.
853 3673 894 3728 Da
911 3670 1087 3727 marmoribus
1106 3671 1155 3736 err„
1172 3671 1244 3741 Sym.

182 3763 219 3827 11,
241 3764 305 3819 246:

291 3855 336 3918 „ot
353 3869 422 3924 qnae
439 3869 502 3908 saxa
520 3853 622 3908 Paros
644 3854 718 3907 secat
736 3855 765 3906 et
783 3868 851 3922 quae
869 3851 1001 3906 Punica
1019 3866 1138 3924 rupes,

289 3959 356 4014 qnae
375 3941 470 3996 viridis
488 3933 717 3996 Lacedaemon
736 3940 819 3996 habet
839 3942 1025 4011 maculosaque
1045 3940 1175 4010 Synna,

288 4033 443 4087 nativum
466 4047 543 4086 nemo
556 4031 691 4101 scopuli
703 4029 772 4085 mihi
787 4030 894 4085 dedicet
909 4033 1048 4085 ostrum.
1063 4029 1171 4099 (ultimo
1190 4028 1246 4082 loco

182 4121 307 4192 intelleg.
325 4135 485 4192 purpureum
501 4120 661 4190 aegyptium
678 4120 784 4189 marm.)

994 4208 1042 4274 4*
