2848 4758
574 377 805 444 ..13-

159 555 240 621 inter
263 555 376 621 latinos
399 555 560 639 scriptores
584 575 599 620 e
623 555 744 640 graecis
766 555 928 621 transtulit
949 555 1124 624 auctoribus
1146 557 1221 623 Ter-

159 663 309 730 tullianus
332 663 451 748 apolog.
477 663 519 728 34
542 663 595 728 ubi
618 663 656 728 de
682 681 872 729 romanorum
896 662 1113 746 imperatorum
1132 683 1222 748 ,apo-

160 770 275 835 theosi“
302 769 463 855 loquitur),
488 788 546 852 quo
568 769 646 835 libra
669 769 838 835 doctrinam
863 770 899 836 de
923 770 1116 836 sanctissima
1139 791 1168 854 q.
1191 792 1219 837 v.

162 876 316 942 Trinitata
339 877 444 942 contra
466 875 664 957 adversarios,
703 875 755 959 qui
778 876 811 940 in
826 877 1002 943 universum
1037 877 1222 957 ,Autitrini

160 983 249 1049 tarii“
279 982 431 1062 dicuutur,
456 983 612 1050 subtiliter
634 984 665 1048 et
687 984 775 1050 acute
799 983 945 1050 delendit.

267 1091 298 1154 3.
334 1089 645 1176 Hamartigenia
697 1087 1019 1178 (Ἀμαρτιγένεια)
1066 1090 1103 1156 da
1147 1091 1222 1156 mali

161 1197 296 1281 origine,
332 1197 437 1262 contra
472 1215 531 1276 eos,
555 1197 608 1280 qui
643 1216 713 1262 cum
741 1197 894 1266 Marcione
928 1195 1114 1286 δημιουργόν
1147 1199 1223 1262 mali

161 1303 346 1387 principium
370 1304 555 1371 statuebant.

267 1413 297 1476 4.
321 1409 632 1495 Psychomachia
648 1409 917 1499 (Ψυχομαχία)
933 1413 986 1478 ubi
1008 1411 1136 1478 virtutes
1152 1431 1222 1478 oum

162 1517 247 1583 vitiis
263 1517 494 1602 congredientes
510 1519 639 1597 inducit,
651 1537 774 1584 carmen
790 1518 1077 1601 apice-didacticum
1094 1539 1123 1602 q.
1139 1539 1167 1586 r.
1178 1517 1221 1606 13)

161 1731 264 1808 ritiae,
288 1730 465 1810 discordiae,
482 1730 672 1796 ethnicorum
688 1731 871 1818 religionem
886 1732 1055 1816 perstringi
1077 1733 1153 1798 bene
1176 1731 1223 1798 vi-

163 1837 209 1902 dit
231 1837 404 1904 Dresselius
420 1839 472 1923 14).
760 1903 765 1932 Ἰ

270 1944 300 2009 5.
326 1943 472 2010 Contra
496 1945 816 2031 Symmachum1⁵)
846 1945 946 2011 libri
974 1945 1063 2025 duo,
1096 1965 1224 2030 quorum

161 2051 260 2135 priore
284 2050 321 2116 de
345 2050 404 2116 diis
428 2053 458 2116 et
480 2051 633 2116 institutis
656 2071 844 2136 paganorum
879 2053 912 2116 in
946 2053 1121 2120 universum
1144 2053 1222 2138 agit,

160 2159 257 2223 altero
273 2158 377 2223 eontra
393 2157 533 2242 singulas
556 2161 658 2241 partes
682 2159 849 2238 relationis,
868 2177 887 2224 a
903 2158 1083 2243 Symmacho
1099 2158 1139 2224 ad
1154 2159 1223 2242 plu·
1267 2234 1272 2244 Ι

163 2285 212 2332 res
235 2265 431 2348 imperatores
453 2265 574 2346 missae,
599 2265 863 2350 defensionemque
886 2265 998 2331 veteris
1021 2265 1130 2331 erroris
1153 2285 1224 2332 con-

163 2372 300 2452 tinentia
325 2373 355 2437 d.
380 2372 575 2438 Ambrosium
591 2372 757 2438 maximam
778 2375 897 2457 partam
921 2374 1052 2451 secutus,
1075 2373 1222 2457 disputat.

271 2481 300 2545 6.
324 2478 646 2561 Peristephanon
670 2478 777 2567 (Περὶ
802 2475 1030 2565 στεφάνων)
1043 2479 1224 2562 quatuorde-

166 2586 227 2650 cim
256 2586 377 2670 hymnis
400 2586 433 2672 in
462 2586 631 2669 martyrum
667 2586 809 2651 honorem
843 2585 1026 2669 compositis,
1061 2588 1093 2652 et
1126 2587 1223 2652 varios

164 2691 268 2756 modos
291 2691 447 2759 emciandi
471 2694 501 2758 et
523 2711 571 2757 res
587 2693 689 2772 miras,
714 2711 790 2776 quae
812 2692 946 2775 passioni
962 2712 1064 2758 eorum
1080 2694 1223 2778 conjunc·

164 2797 214 2862 tae
236 2799 333 2878 arant,
357 2797 510 2865 describit.

273 2906 302 2971 7.
326 2904 581 2971 Dittochaion
605 2901 751 2993 (διττός
774 2907 809 2971 et
831 2901 901 2994 ὀχή
923 2906 1064 2990 duplex
1087 2905 1223 2987 refectio,

165 3009 277 3077 vetaris
299 3011 354 3076 sol.
379 3013 409 3078 et
431 3013 503 3078 novi
524 3012 715 3098 testamenti)
739 3013 896 3095 quaternis
919 3014 1055 3080 versibus
1084 3014 1222 3092 heroicis,

165 3137 243 3201 qnae
266 3119 426 3184 expeteris
448 3119 578 3202 novique
600 3119 779 3186 testamenti
794 3119 881 3185 libris
904 3119 1045 3204 digniora
1068 3123 1223 3186 etmemo-

165 3227 229 3290 riae
252 3224 494 3292 Christianorum
517 3226 709 3309 potissimum
733 3227 916 3292 inculcanda
949 3225 1133 3292 videbantur
1155 3227 1223 3292 bre-

165 3333 244 3399 viter
266 3333 479 3412 adumbravit;
503 3334 622 3400 constat
644 3335 688 3399 49
711 3333 910 3400 tetrastiehis.
945 3369 989 3381 -

272 3440 427 3525 Siglorum
451 3441 628 3526 explicatio:

323 3548 425 3614 Praei.
449 3568 518 3634 gen.
542 3578 584 3604 =
606 3547 760 3613 Praelatio
783 3549 944 3633 generalis.

271 3726 316 3795 13)
334 3725 370 3780 Μ.
389 3727 473 3781 Varro
492 3725 604 3782 satiram
622 3726 760 3794 inscripsit
775 3722 953 3796 ἱκιομαχίαν,
982 3726 1054 3782 toste
1073 3721 1161 3780 Gellio
1188 3723 1224 3782 N.

148 3814 196 3870 “Δ.
216 3814 398 3881 x111,aa,4.
418 3813 532 3870 Dresset

273 3904 317 3973 14)
335 3904 461 3973 Prolegg.
479 3921 503 3974 p.
524 3904 585 3970 ΧΠ,
605 3908 634 3960 et
652 3907 717 3960 nota
739 3907 781 3960 26.

273 3993 317 4062 15)
337 3993 510 4064 Symmachus
528 3994 695 4050 ethnicorum
713 3995 812 4050 saeculi
831 3995 922 4066 quarti
941 3995 1030 4062 eaput,
1059 3992 1119 4046 urbi
1147 4006 1223 4061 prae-

164 4080 259 4138 lectas.
278 4111 311 4122 »-
