2848 4758
634 389 853 454 ..12-

215 564 268 632 40.
292 565 447 632 conculcet
473 585 559 633 saera
585 567 734 652 gentium,

292 673 405 750 labem,
424 673 530 752 Roma,
542 673 605 738 tuis
617 673 731 739 inferat
746 673 845 754 idolis,
869 694 1002 741 carmem
1018 675 1204 760 martyribus
1221 673 1273 739 de·

294 781 410 857 voveat,
445 779 550 845 laudet
584 781 742 864 apostolos.

217 885 296 954 Sunt
318 885 420 974 autem
443 886 477 950 hi

325 1011 354 1074 1.
390 1008 692 1078 Cathemerinon
726 1013 814 1093 liber,
845 1014 896 1097 qni
936 1013 1094 1078 duodecim
1128 1013 1273 1093 carmina,

216 1115 299 1181 vario
324 1117 491 1182 metrorum
516 1137 626 1203 genere
650 1121 830 1203 conscripta,
854 1121 903 1186 vel
927 1121 1058 1204 singulis
1090 1120 1150 1184 diei
1179 1121 1275 1202 parti·

215 1222 282 1302 bns,
306 1222 399 1307 (uude
422 1222 642 1312 sotqpepivaio
664 1227 744 1292 liber
773 1225 886 1312 dietus)
909 1228 958 1293 uel
981 1226 1069 1292 festis
1092 1227 1275 1308 quibusdam

217 1328 323 1395 diebus
346 1332 584 1412 accommodata,
601 1333 745 1398 continet.

324 1437 352 1500 2.
378 1437 619 1520 Apotheosis
644 1437 898 1526 (incaseati
921 1461 1025 1506 uocem
1056 1439 1135 1504 hanc
1159 1441 1275 1523 primus

215 1555 427 1564 ψ..

217 1612 240 1650 v.
261 1598 277 1650 6
298 1595 378 1666 „qnid
405 1613 453 1650 nos
481 1597 549 1651 utile
576 1599 649 1652 tanti
677 1601 764 1668 spatio
792 1601 920 1668 temporis
947 1599 1087 1667 egimus?“
1118 1597 1276 1668 respondere

216 1684 372 1739 enarrandis
390 1685 434 1748 iis,
454 1702 520 1755 quae
544 1690 602 1740 toto
628 1688 701 1741 vitea
720 1690 808 1757 spatio
828 1689 951 1757 gesserit,
970 1704 1023 1740 non
1043 1686 1166 1756 quaesit
1185 1690 1276 1754 gestu·

216 1791 269 1828 ms.
288 1773 399 1828 Accedit
418 1773 488 1844 quod
506 1779 594 1844 poeta,
613 1777 656 1830 cni
666 1778 753 1832 instat
763 1771 902 1840 terminus,
922 1780 950 1830 et
965 1775 1052 1839 „diem
1066 1775 1184 1828 vicinum
1203 1775 1276 1828 senio

214 1861 271 1931 jam
289 1862 362 1916 Deus
380 1863 513 1932 applicat¹‘
533 1865 638 1918 ultimis
657 1866 785 1930 versibus,
804 1865 888 1919 fessus
907 1864 1102 1935 quodammodo
1127 1865 1201 1917 vitae
1220 1867 1276 1918 tae·

216 1950 260 2006 dio
279 1951 375 2006 addat:

375 2059 399 2096 v.
418 2043 454 2098 43
475 2043 555 2106 „haec
573 2043 636 2097 dum
654 2043 738 2098 scribo
758 2045 801 2098 uel
820 2045 928 2114 eloquor

377 2131 489 2194 „vinclis
508 2149 522 2185 o
540 2132 645 2186 utinam
665 2132 780 2201 corporis
800 2133 907 2186 emicem

378 2219 462 2284 „liber
482 2261 597 2274 .....

216 2309 280 2362 haee
299 2309 369 2363 enim
388 2309 446 2363 luca
474 2309 571 2364 elarius
599 2310 745 2365 ostendunt
774 2310 885 2364 minime
913 2308 1091 2363 Prudentium
1115 2308 1277 2362 adtentum

216 2409 281 2466 opus
299 2395 510 2466 aggrediendum
536 2415 592 2452 sese
620 2399 766 2468 accingere,
795 2399 840 2453 scd
858 2399 947 2468 potius
966 2400 1096 2466 tanquam
1114 2397 1277 2452 christianae

216 2487 290 2540 uitae
308 2486 452 2555 stipendiis
470 2486 592 2542 functum
614 2487 739 2551 „dissolvi
758 2503 851 2556 cupere
870 2489 899 2541 et
915 2503 972 2540 esse
985 2502 1042 2540 cum
1056 2485 1190 2542 Christo“.
1209 2485 1278 2539 Tum

217 2575 302 2630 etiam
320 2592 351 2630 ex
370 2575 448 2630 libris
466 2579 560 2632 contra
579 2576 766 2646 Symmachum
785 2577 894 2645 scriptis
912 2575 991 2628 facile
1004 2575 1096 2644 colligi
1114 2578 1204 2644 potest
1222 2591 1277 2630 eos-

217 2663 359 2720 demente
378 2681 477 2719 anuum
496 2665 550 2720 405
568 2665 729 2732 conscriptos
748 2681 813 2729 esse,
832 2664 902 2718 libro
921 2665 991 2717 euim
1009 2664 1039 2718 II
1057 2681 1081 2720 v.
1102 2664 1153 2718 896

379 2755 515 2816 „tentavit
533 2755 637 2822 geticus
656 2769 763 2822 nuper
781 2745 868 2807 delere
888 2755 1019 2822 tyrannus

376 2842 486 2896 Italiam
505 2884 618 2897 .....

217 2929 319 2984 Alarici
347 2930 502 2986 Pollentina
530 2935 559 2985 et
586 2931 747 2986 Veronensis
776 2931 863 2986 clades
891 2931 1038 2995 iudicatur,
1066 2931 1191 3000 laetaque
1218 2932 1279 2998 post

217 3023 325 3074 tantam
352 3021 493 3075 victoriam
512 3024 542 3074 et
560 3021 696 3075 exsultans
719 3023 804 3075 Roma
822 3019 999 3074 fortissimum
1017 3020 1162 3088 principem
1181 3018 1277 3075 trium-

217 3109 324 3176 phalem
342 3126 447 3163 cursum
465 3109 590 3164 scandere
612 3109 706 3178 juhet;
731 3109 823 3164 eodem
849 3108 917 3162 libro
946 3108 1008 3162 iude
1027 3125 1043 3162 a
1062 3126 1085 3162 v.
1107 3107 1176 3162 1114
1193 3123 1277 3175 usque

217 3196 251 3272 ad
271 3213 295 3250 v.
316 3199 385 3252 1132
398 3197 455 3265 (cir.
475 3198 498 3260 I,
518 3199 570 3252 379
583 3199 652 3268 sqq.)
665 3202 725 3253 orat
737 3199 893 3261 Honorium‚
912 3202 944 3252 ut
957 3197 1033 3251 ludos
1045 3196 1229 3266 gladiatorios,
1248 3194 1277 3246 in

217 3285 314 3340 Martis
333 3289 361 3339 et
379 3287 490 3340 Saturni
508 3287 633 3341 honorem
658 3305 740 3358 usque
764 3287 798 3342 ad
821 3287 890 3341 illud
917 3290 1022 3356 tempus
1050 3287 1159 3364 institui
1183 3284 1277 3338 solitos

148 3400 154 3414 ι
217 3375 299 3428 tollat
318 3377 453 3444 vetatque,
474 3375 569 3444 quibus
594 3376 715 3445 precibus
740 3375 797 3445 jam
816 3393 886 3431 anno
904 3377 958 3432 404
976 3376 1130 3429 obsecutum
1149 3389 1204 3427 esse
1224 3372 1277 3426 Ho-

217 3465 322 3518 norium
349 3465 487 3533 colligitur
515 3481 546 3518 ex
574 3464 739 3520 Theodoreto
766 3466 798 3520 V.
818 3467 860 3520 20.
890 3466 1011 3534 Denique
1037 3479 1114 3517 nemo
1133 3465 1184 3525 est,
1213 3461 1277 3530 quin

216 3553 374 3617 Prudentia
392 3555 586 3622 praefationem
599 3555 667 3608 hanc
685 3555 813 3609 scribenti
832 3554 922 3608 omnia
940 3569 988 3607 sna
1001 3567 1088 3620 opera,
1101 3549 1191 3603 forsan
1209 3552 1277 3603 tem·

217 3660 318 3712 porum,
338 3643 435 3712 quihus
454 3643 575 3714 qnodque
600 3645 728 3714 scriptum
751 3644 789 3697 eit
806 3643 874 3696 serie
894 3642 1043 3704 observata,
1062 3640 1095 3693 ob
1114 3640 1202 3693 oculos
1220 3654 1277 3693 ver·

218 3736 278 3787 sate
296 3749 353 3786 esse
372 3731 471 3786 uideat.
490 3733 523 3786 Iu
542 3733 656 3787 similem
678 3748 791 3786 errorem
810 3729 908 3784 incidit
926 3730 968 3783 uir
987 3728 1155 3782 doctissimus
1186 3728 1210 3782 J.
1230 3726 1277 3781 Al·

218 3837 267 3890 aog
285 3821 314 3875 iu
333 3822 448 3876 historia
465 3821 633 3890 patrologiae
651 3836 712 3890 pag.
730 3821 791 3884 411,
810 3820 857 3873 qao
875 3817 914 3872 ed.
932 3817 1077 3870 Nobiscum
1096 3819 1155 3885 agit
1172 3820 1278 3886 praeter

118 3911 121 3918 '
218 3911 285 3964 alios
304 3910 335 3964 cl.
356 3909 458 3965 Teuffel
477 3911 505 3964 in
527 3909 701 3974 „Geschichte
729 3908 774 3961 der
802 3907 961 3961 Rtmischen
989 3907 1150 3960 Litteratur.
1178 3905 1278 3960 Zweite

217 3998 330 4068 Aullage
349 4000 460 4069 Leipzig
480 4001 548 4054 1872
574 4015 637 4068 pag.
665 3998 725 4052 994.
755 3995 817 4060 „Ais
843 4013 872 4050 ar
890 3997 924 4050 57
943 3995 967 4049 J.
982 3995 1023 4048 alt
1049 4011 1105 4050 war
1123 3994 1184 4064 (pri.
1213 3993 1277 4062 lff)

218 4112 254 4135 =
272 4088 297 4142 J.
316 4089 369 4145 405
388 4088 451 4158 gab
469 4104 504 4143 er
522 4087 575 4141 die
595 4087 666 4141 Sam
678 4086 794 4154 mlung
813 4085 929 4140 seiner
947 4083 1114 4140 Gedichte
1131 4083 1277 4138 heraua“.
