2848 4758
613 401 830 469 ..52-

190 578 290 660 bum,
307 578 492 645 contorta
506 578 648 664 rubus).
665 575 755 644 cath.
769 577 806 659 V,
821 580 874 645 31.
886 577 1012 662 pluu'mi
1025 577 1138 646 codicis
1154 579 1253 663 ,spi-

190 684 318 751 nifero
341 685 451 751 rubo⁸
478 683 632 764 exhibent,
660 684 739 768 quod
762 687 868 752 tamen
891 683 1008 752 ratione
1030 685 1196 751 allaturum
1218 704 1253 751 ex

189 792 355 877 Apothecsi
377 793 509 860 locurum
534 792 567 859 in
602 792 770 876 ,spinifera‘
802 793 985 859 mutandum
1007 791 1130 859 videtur
1153 794 1184 859 et
1206 812 1253 859 re·

189 919 294 966 revera
316 901 469 965 mutatum
493 901 540 965 esi
562 901 601 966 ab
625 899 764 965 omnibus
787 899 955 966 editoribus
989 897 1061 964 inde
1095 899 1134 965 ab
1157 895 1253 964 Heiu-

188 1005 242 1072 sio.
267 1044 307 1054 -
332 1007 388 1073 cfr.
412 1006 498 1073 Neue
513 1006 545 1087 Ἰ,
569 1026 640 1091 pag.
666 1007 740 1072 647.

293 1131 413 1197 Plurali
435 1131 559 1197 tantum
582 1150 707 1197 numero
730 1131 911 1214 usurpatum
943 1137 1110 1214 ,vepres‘,
1135 1131 1172 1196 de
1195 1149 1253 1213 quo

187 1239 408 1324 grammaiicus
431 1238 469 1303 de
491 1257 594 1323 gener.
616 1247 687 1323 pag.
715 1239 778 1306 102
811 1235 946 1324 (Haupt)
985 1256 1109 1319 ,vepres
1131 1236 1253 1321 generis

187 1344 338 1425 feminini,
375 1346 409 1410 ui
435 1344 525 1411 Titus
547 1345 670 1410 Livius:
710 1345 784 1423 ,has
815 1349 938 1426 uepres“
978 1343 1183 1410 masculinum
1207 1344 1253 1407 esi

187 1451 270 1536 Sym.
294 1451 336 1529 li,
363 1452 465 1517 1029:
494 1451 692 1535 ,spinosos
716 1455 879 1534 vepres.“
907 1449 982 1516 ibid.
1003 1451 1105 1516 1040:
1134 1450 1252 1529 „sentos

188 1563 310 1640 vepres“
338 1558 393 1623 cfr.
418 1558 504 1623 Neue
527 1559 552 1637 Ι,
575 1577 647 1644 pag.
674 1558 747 1624 706.
774 1595 814 1605 -

296 1682 469 1768 Chalybs
504 1681 590 1767 Sym.
616 1683 640 1761 Ι,
676 1682 729 1749 50.
763 1683 984 1756 masculinum:
1016 1683 1089 1748 item
1121 1683 1252 1750 corbis

186 1789 266 1855 Didi.
293 1790 366 1854 147.
392 1826 433 1838 -

293 1913 461 1991 scrobis,
486 1913 513 1979 is
534 1914 646 1980 Perist.
670 1915 709 1995 X,
737 1917 819 1981 1011
846 1914 929 2000 Sym.
954 1915 979 1994 1,
1004 1915 1066 1979 641
1097 1915 1167 2000 (sub
1190 1915 1252 1980 ter·

186 2039 252 2086 ram
282 2020 386 2086 scrobe
421 2020 508 2096 acia;
544 2020 658 2086 scrobis
682 2020 762 2106 aira)
797 2019 982 2087 femininum
1016 2021 1080 2098 est;
1114 2038 1250 2102 penus,

186 2125 268 2211 Sym.
293 2126 335 2203 11,
360 2128 423 2192 918
449 2126 518 2211 (cfr.
543 2127 653 2192 Perisi.
677 2126 718 2206 11,
746 2126 823 2212 159)
846 2126 1051 2191 masculinum
1074 2127 1136 2192 esi:

448 2250 545 2315 ,penu
567 2251 621 2314 pro
643 2230 776 2316 uirginis
799 2231 990 2297 ulciscendc“

292 2340 378 2405 Neue
405 2338 429 2418 Ι,
454 2357 525 2423 pag.
557 2340 623 2405 590
656 2338 767 2404 asserii
793 2340 841 2403 ter
871 2339 993 2403 tantum
1024 2357 1135 2404 nomen
1168 2360 1196 2423 q.
1223 2360 1248 2406 e.

191 2465 361 2531 ,specus,
388 2446 490 2510 neutri
505 2445 627 2532 generis
651 2445 801 2527 scriptum
828 2445 969 2524 inveniri,
994 2445 1105 2528 quibus
1120 2446 1253 2513 addendi

186 2555 259 2618 suni
288 2552 347 2618 due
377 2551 437 2617 loci
458 2551 662 2618 Prudentiani
690 2552 802 2618 Perish.
827 2551 882 2630 ΙΙΙ,
910 2553 989 2618 16οε
1025 2572 1096 2635 ,per
1120 2572 1252 2635 specus

186 2660 366 2744 ambiguum
382 2659 457 2725 ibid.
475 2660 553 2726 213:
577 2660 769 2742 angustum.
796 2709 802 2722 .
829 2707 836 2722 .
863 2658 996 2724 .-illud
1019 2678 1153 2742 specus
1177 2707 1184 2722 .
1211 2709 1218 2723 .
1244 2709 1250 2722 .

187 2766 311 2848 (Perisb.
329 2765 367 2844 V,
385 2767 460 2831 350.
489 2783 676 2848 specum.
703 2813 710 2828 .
736 2813 743 2827 .
770 2764 943 2832 ‚micuisse
968 2813 975 2828 .
1001 2813 1009 2830 .
1035 2813 1042 2828 .
1068 2813 1075 2830 .
1100 2763 1248 2832 videtui·

187 2871 242 2950 VI,
266 2873 319 2938 28.
348 2871 479 2951 ,adeunt
505 2870 707 2956 specum‘).

294 2994 403 3061 Subsb·
420 3014 449 3077 q.
473 3013 499 3063 e.
540 2994 716 3079 ,vulgus“
752 2995 800 3062 bis
830 2995 911 3078 apud
934 2995 1138 3062 Prudentium
1171 3014 1252 3062 mas·

187 3101 282 3168 culini
306 3099 427 3188 generis
450 3101 513 3166 est:
537 3100 620 3185 Sym.
644 3101 670 3179 Ι,
695 3101 771 3168 580.
969 3093 971 3098 ’

298 3224 422 3303 ,omnis
447 3222 499 3306 qui
522 3223 602 3288 celsa
624 3223 747 3288 scandit
770 3223 935 3289 caenacula
958 3223 1127 3308 vulgus.“

188 3333 296 3398 Perisb.
309 3331 349 3409 V,
374 3332 426 3396 51.
451 3321 524 3396 Aac.
551 3330 620 3409 ,vui
633 3334 731 3414 gum‘
756 3331 811 3395 cfr.
829 3331 915 3395 Neue
930 3330 955 3410 Ι,
980 3349 1051 3416 pag.
1069 3333 1143 3398 679.

293 3438 374 3523 Sym.
393 3435 433 3515 ΙΙ,
451 3437 526 3503 505.
544 3437 641 3505 subsi.
664 3456 694 3520 q.
713 3458 738 3502 e.
767 3443 941 3516 ,numem‘
968 3439 1173 3504 masculinum
1189 3437 1250 3505 esi:

192 3547 241 3625 ,ei
257 3545 392 3610 creditur
406 3543 476 3610 isbis
492 3543 679 3623 numinibus,
697 3545 750 3627 qui
764 3545 936 3628 transfugio
951 3564 1088 3611 meruere
1104 3544 1247 3624 sacrari,“

186 3651 239 3716 ubi
273 3651 313 3715 ad
350 3650 420 3716 ilias
442 3650 615 3744 respexisse
646 3650 784 3730 videtur,
820 3651 872 3734 qui
912 3651 1057 3717 vocabulo
1099 3657 1247 3732 ,numan⁸

186 3757 389 3842 intellegendi
412 3758 493 3836 suni,
517 3776 626 3840 nempe
653 3758 771 3838 ,de0s.“
799 3795 842 3806 -

292 3883 448 3962 Pascha,
469 3882 548 3966 quod
572 3901 680 3948 nomen
704 3882 881 3967 saepissime
903 3883 1086 3949 femininum
1110 3885 1158 3950 cst
1179 3884 1248 3969 (cir.

186 3989 327 4056 Sedulius
358 3988 457 4054 Oarm.
488 3990 591 4073 pasch.
615 3989 654 4070 V,
686 3990 718 4075 l)
753 3991 894 4056 neutrum
929 3991 1007 4057 facit
1037 3991 1149 4074 Apoth.
1184 3988 1248 4058 348

191 4097 319 4178 ,pascha
334 4097 440 4161 iuum“
469 4097 534 4163 355
549 4095 663 4180 pascha
682 4098 837 4162 nostrum¹⁶
866 4097 921 4162 cfr.
938 4097 1024 4164 Neue
1037 4097 1072 4177 Ἰ,
1085 4089 1247 4182 pag.'60'0.
