2848 4758
430 426 441 435 ,
532 367 663 460 -,ss
707 403 754 415 -

112 540 160 606 ter
181 541 372 621 observetur,
387 542 428 607 ad
457 541 677 608 illustrandum
704 543 830 628 linguae
852 541 968 608 latinae
990 540 1075 608 illius
1097 544 1177 612 tum-

111 648 191 730 poris
207 649 333 732 genium
349 648 380 713 ot
395 649 627 728 ostendendum,
655 649 688 713 in
703 651 813 732 quibus
828 648 1022 733 potissimum
1037 647 1176 714 Pruden-

111 753 173 820 tius
195 773 214 819 a
236 756 369 839 genuino
403 757 543 839 rectoque
577 755 674 820 latine
704 756 827 823 dicendi
861 775 973 840 genere
1003 753 1178 822 discesserit

111 861 200 944 atque
223 861 420 932 aberraverit.
445 863 494 926 Ita
516 881 560 927 en.
575 882 624 945 gr.
648 863 676 927 si
699 863 736 927 de
759 863 861 928 verbis
883 860 1074 928 instituenda
1093 859 1179 927 esset

111 968 256 1050 quaestio,
288 968 474 1033 uberrimam
502 968 721 1051 disputationis
745 969 907 1035 materiam
929 967 1043 1046 uariae,
1066 965 1176 1050 quibus

110 1073 218 1154 utitur,
241 1075 481 1140 constructiones
507 1076 704 1159 praeberent:

109 1199 176 1262 per
200 1181 433 1247 cachinnum
456 1181 562 1247 solvi
590 1182 701 1247 Perist.
725 1181 765 1262 X,
789 1183 863 1248 226.

110 1306 175 1370 per
199 1288 369 1372 coagula
392 1289 500 1354 noire
523 1287 611 1354 carn.
635 1289 694 1367 ΙΙΙ,
719 1283 771 1356 68.

109 1411 313 1478 permeare
336 1395 404 1460 sub
428 1395 557 1460 bifido
584 1414 747 1478 aequore
775 1393 862 1461 earn.
880 1396 919 1474 V,
946 1397 999 1462 68.

110 1501 243 1567 virtus
267 1502 337 1567 sub
363 1519 458 1584 pace
480 1502 593 1568 eadit
618 1503 729 1587 Psyrh.
758 1503 833 1568 699.
1058 1511 1059 1516 ’

110 1608 290 1675 vanescit
323 1608 425 1674 almo
453 1609 555 1673 trita
590 1610 658 1674 sub
686 1607 843 1696 jejunio
876 1605 965 1675 (latb.
989 1607 1075 1686 VIII,
1099 1609 1174 1674 209.

109 1717 179 1781 nec
219 1714 384 1780 fatIscit
428 1715 511 1780 rrnda
547 1715 663 1780 mustis
699 1734 838 1799 pressa
874 1703 948 1781 sub¹
979 1712 1176 1800 uestigiis
1206 1796 1209 1806 .

110 1821 198 1888 cath.
222 1822 278 1901 IX,
303 1821 356 1887 51.

110 1928 229 2011 stupuit
251 1928 399 2012 tyrannus
422 1929 491 1993 sub
513 1928 657 2011 pudore
680 1927 889 1996 fluctuans
911 1929 1022 1995 Perist.
1042 1927 1081 2007 Χ,
1099 1929 1173 1994 676.

110 2055 222 2100 numen
246 2034 376 2100 reciso
398 2033 594 2118 mitigans
618 2035 662 2101 ab
685 2035 850 2119 inguine
879 2033 990 2100 Perist.
1015 2033 1054 2124 X,
1079 2034 1174 2101 1067.
1197 2062 1200 2068 ·

110 2141 260 2207 infusis
293 2139 339 2206 ad
372 2141 521 2225 pingue
551 2141 680 2206 lutum
709 2141 867 2208 mollire
899 2139 1068 2207 fluentis
1090 2139 1173 2224 Sym.

110 2249 150 2327 11,
174 2249 249 2313 934.

111 2356 265 2438 pontum
288 2353 514 2438 persultare
537 2353 624 2420 Ceth.
649 2354 688 2434 V,
713 2355 765 2421 86.

111 2481 179 2528 vox
200 2460 401 2545 persultat
423 2461 516 2526 Ham.
539 2461 634 2546 praef.
661 2463 711 2528 10.

110 2567 199 2634 baec
222 2567 467 2653 persultanti
489 2568 600 2634 Perist.
624 2567 678 2646 XI,
705 2567 757 2633 77.
872 2589 875 2593 ·

110 2675 171 2741 alia
194 2675 345 2753 sexcenta,
369 2693 445 2758 quae
469 2674 561 2740 affere
584 2673 712 2758 longum
736 2674 783 2740 est
804 2691 901 2757 neque
924 2673 1173 2756 buc'pertinsns.

215 2781 345 2848 Silentio
367 2782 472 2846 tamen
494 2780 660 2864 praeterire
682 2781 733 2846 bic
755 2798 816 2846 non
839 2798 998 2864 possumus
1020 2780 1174 2862 propriam

111 2889 263 2971 quandam
284 2887 434 2954 Prudenti
456 2886 579 2954 dicendi
605 2887 765 2966 rationem,
789 2905 849 2970 qua
872 2886 1029 2970 epItbetou
1058 2885 1174 2970 (adjec-

110 2996 222 3079 tivum)
245 3013 298 3077 pro
314 2992 382 3072 fixo,
406 2993 623 3078 (substantivo)
640 3013 694 3059 seu
709 2994 753 3058 roi
768 2993 891 3058 nominc
912 2993 958 3058 ita
979 2992 1117 3071 adhibet,
1138 2991 1175 3057 ut

110 3103 289 3184 plerumque
311 3100 344 3164 id
370 3099 529 3166 affectasse
561 3099 623 3166 diei
645 3100 750 3184 possit.
796 3099 841 3164 Ex
864 3097 1033 3164 innumeris
1055 3097 1174 3180 paucis·

111 3208 188 3273 sima
211 3207 357 3272 annotare
376 3207 481 3291 juvat:

110 3331 295 3396 prospera
318 3313 452 3378 nostra
475 3312 586 3397 Psycb.
611 3314 686 3380 696.

110 3421 280 3485 semetra
304 3418 464 3484 dissona
491 3419 566 3486 ibid.
592 3422 666 3487 829.

110 3527 290 3591 tenerum
315 3525 495 3607 decorum
519 3526 595 3593 ibid.
620 3529 694 3594 886.

18 3715 19 3720 ἵ
111 3650 177 3697 sua
199 3632 332 3715 prisca
355 3631 437 3715 Sym.
462 3632 487 3711 Ι,
511 3634 587 3700 293.

18 3725 19 3754 ¹
110 3757 147 3804 ne
171 3737 312 3804 suavia
334 3737 466 3804 fluxae
488 3740 733 3807 conditionis
759 3742 843 3807 amet
865 3741 947 3829 Sym.
972 3741 1014 3818 Il,
1042 3741 1113 3807 150.

110 3845 232 3910 ardua
255 3843 358 3908 caeli
381 3843 463 3928 Sym.
489 3846 513 3924 I,
541 3848 612 3912 148.

112 3950 232 4016 ardua
255 3950 378 4015 famae
407 3950 481 4015 ibid.
507 3953 581 4018 281.

112 4074 191 4122 mea
213 4055 368 4124 frivola
391 4057 467 4126 ibid.
487 4058 561 4124 645.
