2848 4758
532 1061 805 1144 Prooemium.

245 1375 406 1441 Praeclare
421 1375 586 1460 Dionysius
598 1373 774 1453 Lambinus,
788 1374 835 1441 vir
847 1393 919 1440 suae
930 1375 1042 1442 aetatis
1054 1376 1200 1443 illustris·

139 1481 244 1560 simus,
267 1481 300 1546 in
315 1483 453 1565 Epistola
471 1481 669 1560 dedicatoria,
694 1481 734 1546 ad
760 1479 902 1547 carolum
932 1483 1055 1548 Nonum
1081 1483 1199 1568 Regem

140 1587 436 1656 christianissimum
459 1588 541 1668 data,
554 1587 743 1668 ¹Lucretium
775 1607 864 1654 suum
886 1590 1101 1656 commendans
1123 1591 1200 1656 haec

139 1695 233 1762 dicit:

250 1803 433 1882 „Homerum
458 1804 628 1886 propterea,
652 1801 732 1885 quod
754 1803 786 1866 in
810 1802 991 1886 quibusdam
1014 1801 1199 1881 fabularum,

139 1910 253 1992 partim
285 1910 431 1992 turpium,
466 1909 580 1993 partim
614 1909 832 1988 absurdam,
866 1908 1031 1974 involucris
1064 1908 1200 1974 omnium

140 2035 241 2082 rerum
263 2017 450 2084 naturalium
473 2017 565 2100 atque
588 2001 791 2082 humanarum
812 2015 1017 2100 cognitionem
1046 2015 1200 2082 continere

140 2121 347 2200 existimatur,
378 2143 437 2190 non
466 2124 563 2189 solum
591 2123 742 2207 legimus,
773 2122 995 2188 verumetiam
1019 2120 1199 2187 ediscimus:

138 2229 388 2309 Lucretium,
422 2231 509 2296 sine
553 2228 776 2295 fabularum
821 2229 1044 2311 taliumque
1084 2246 1201 2313 nuga-

139 2354 221 2398 rum
256 2335 563 2420 integumentis,
595 2335 632 2400 de
655 2335 815 2418 principiis
849 2336 880 2400 et
903 2335 1001 2401 causis
1024 2354 1138 2415 rernm,
1163 2335 1200 2400 dc

141 2441 264 2522 mundo,
300 2441 337 2506 de
371 2442 478 2506 mundi
505 2441 655 2525 partibus,
692 2441 736 2506 de
760 2442 841 2508 vita
864 2441 992 2519 beata,
1016 2441 1061 2506 do
1083 2441 1200 2506 robus

140 2546 390 2614 caelestibus
412 2567 454 2613 ac
477 2548 653 2614 terrenis
676 2567 736 2614 non
752 2545 927 2614 vercillum
943 2547 1076 2630 quidem,
1101 2566 1200 2630 nequo

139 2654 197 2736 pic,
221 2654 274 2720 sed
304 2655 409 2719 tamen
442 2655 623 2739 simpliciter
657 2655 688 2720 et
722 2656 826 2738 aperte
860 2654 900 2733 ot,
935 2654 970 2718 ut
1003 2654 1198 2742 Epicureum,

140 2759 296 2844 ingeniose
330 2761 359 2826 et
393 2762 481 2826 acute
504 2763 535 2827 et
558 2761 677 2828 erudite
700 2763 730 2827 et
745 2760 907 2844 purissimo
924 2779 1060 2826 sermone
1075 2761 1199 2843 loquen-

139 2866 203 2932 tem
225 2885 284 2932 non
307 2866 503 2932 audiemnsi¹⁴
520 2867 545 2954 1)

246 2972 343 3054 Quam
367 2973 448 3039 docti
471 2975 668 3061 ejusdemque
700 2974 745 3058 pii
779 2973 839 3040 viri
873 2975 1043 3058 opinionem
1079 2974 1116 3039 de
1138 2974 1200 3038 Lu·

138 3079 290 3145 cretianae
318 3081 416 3164 poesis
447 3083 635 3165 praestantia
664 3081 877 3148 lubentissime
906 3081 1135 3164 amplectentes,
1159 3079 1199 3144 ad
1261 3140 1263 3143 ,

138 3185 265 3252 alterius
288 3188 394 3270 poetae
427 3207 517 3272 opera
550 3189 709 3272 aptissime
743 3188 892 3272 applicari
922 3206 1009 3272 posse
1031 3206 1198 3264 censemus

138 3291 247 3357 Aureli
268 3294 417 3360 Prudenti
433 3295 610 3375 Clementis,
633 3297 695 3379 qui,
718 3314 902 3379 quamquam
924 3294 1061 3360 omnium
1082 3294 1199 3375 tempo-

139 3406 207 3463 r'um
230 3400 378 3466 acerrima
400 3402 525 3487 ingenia
553 3403 712 3485 occupavit
734 3403 895 3484 nostraque
915 3401 1075 3484 praecipue
1098 3399 1199 3464 aetate

140 3505 270 3572 editores
305 3509 414 3574 nactus
448 3510 496 3574 est
528 3509 610 3575 haud
645 3508 838 3593 spernendos,
873 3507 1041 3572 Obbarium
1070 3506 1145 3588 puta
1168 3505 1200 3570 et

139 3611 327 3678 Dresselinm
362 3615 498 3680 nondum
531 3634 575 3694 eo,
610 3635 667 3699 quo
702 3615 814 3699 dignus
849 3615 896 3679 est
918 3611 1062 3696 praemio,
1086 3614 1122 3677 nt
1145 3631 1198 3676 nos

137 3718 260 3801 quidem
282 3722 437 3804 putamus,
464 3722 592 3789 donatus
616 3721 671 3786 est.
697 3720 798 3802 Quum
820 3720 903 3786 enim
926 3719 1051 3798 ethnici,
1076 3717 1128 3801 qui
1152 3717 1198 3782 di·

245 3931 271 3999 1)
290 3932 418 4002 Legimus
436 3934 465 3988 in
491 3933 628 4003 Siegberti
655 3933 832 4002 Haveroampi
860 3931 979 3986 editione
1007 3930 1066 3985 Titi
1090 3928 1199 3983 Lucreti

137 4022 290 4090 comparata
308 4019 436 4092 Lugduni
455 4023 618 4078 Batavorum
638 4021 714 4078 1725.
