2848 4758
135 789 267 855 Verba
289 789 490 855 inusitata
514 788 794 855 terminatione
818 789 856 856 et
876 788 1200 874 significatione.

228 971 255 1030 1.
274 965 404 1032 Plautus
415 967 448 1031 et
463 965 624 1032 Lueretius
636 967 729 1032 uerbo
744 966 865 1050 saepius
880 967 1009 1032 utuntur
1021 985 1050 1050 q.
1067 984 1092 1035 e.
1105 965 1199 1045 clueo,

134 1071 244 1151 cluere,
268 1071 454 1138 Prudentius
481 1092 551 1138 oum
575 1073 699 1152 Seneca,
730 1072 921 1158 Symmacho,
957 1074 1092 1140 Ausonio
1118 1073 1200 1141 idem

134 1179 262 1245 uerbum
278 1179 446 1246 seeundum
461 1180 548 1244 tertii
564 1179 679 1246 ordinis
695 1181 788 1246 verbe
803 1179 901 1246 flectit
916 1181 947 1245 et
969 1179 1091 1250 eluere
1113 1180 1199 1246 facit.

133 1285 186 1351 Sic
210 1285 297 1354 Ceth.
321 1287 376 1365 IX,
403 1288 487 1352 107:
517 1286 568 1371 (de
592 1285 713 1353 Christo
735 1286 884 1371 loquitur)

296 1443 303 1457 .
330 1442 336 1457 .
362 1443 369 1457 .
395 1393 500 1458 dexter
522 1394 556 1458 in
578 1393 714 1478 parentis
727 1411 806 1476 ¹arce
829 1392 930 1459 cluis

133 1500 243 1585 Psyeh.
269 1501 306 1566 2:
330 1498 383 1583 (de
406 1499 525 1585 eodem)

297 1607 349 1690 qui
372 1606 472 1688 patria
495 1606 611 1673 virtute
633 1606 736 1672 cluis

133 1713 217 1796 Sym.
242 1713 267 1791 I,
290 1714 373 1778 417:
398 1711 450 1796 (de
472 1713 583 1798 Roma)

247 1818 434 1902 ,praedivite
461 1820 547 1885 cultu
570 1820 732 1886 Illustrata
755 1819 870 1885 cluis“

133 1925 217 2010 Sym.
242 1926 284 2005 ΙΙ,
308 1927 390 1992 584:
415 1923 466 2012 (de
494 1923 615 2013 eadem)

246 2082 272 2110 ,.
299 2085 305 2097 .
332 2082 338 2096 .
363 2035 432 2116 quis
455 2032 555 2117 gioria
576 2033 692 2098 fetibus
715 2033 815 2110 aucta,
840 2032 890 2099 Sic
913 2034 1023 2100 cluat
1047 2083 1054 2100 .
1080 2085 1088 2098 .
1114 2042 1140 2099 .“

242 2138 325 2223 Sym.
349 2140 375 2219 1,
400 2139 1117 2226 504unusader(Rotrendorph)f1uant‚
1142 2141 1199 2206 duo
1332 2137 1334 2142 ’

134 2245 1198 2330 (BongarsianusWidmannianus)cluantsuprascriptumhabent,

133 2351 191 2418 alii
214 2353 370 2418 meliores:

246 2459 417 2537 ,artificum
441 2479 620 2542 magnorum
637 2478 741 2543 opera;
765 2461 840 2526 haec
855 2459 1061 2542 pulcherrima
1079 2462 1200 2526 nostrae

241 2566 419 2631 ornamenta
442 2567 458 2630 f
463 2567 558 2631 uant
582 2564 646 2652 (uel
669 2565 778 2654 fiant)“

134 2672 276 2750 NeueII,
300 2673 453 2756 pag.327
479 2672 591 2737 ubido
624 2672 689 2738 loco
722 2674 826 2740 nostro
859 2693 883 2738 s.
920 2693 948 2740 u.
984 2673 1084 2738 cluere
1117 2673 1200 2759 agit:

0 2834 1 2837 ,
140 2778 257 2857 ,nach
290 2779 420 2844 vielen
461 2778 796 2858 Handsohriften,
840 2780 983 2863 inquit,
1033 2779 1195 2847 cluant·

135 2885 214 2968 quod
231 2884 357 2949 minime
374 2891 481 2952 uorum
496 2887 553 2963 est,
570 2890 662 2967 quum
681 2884 810 2951 duorum
822 2887 945 2951 tantum
956 2886 1094 2952 codicum
1108 2887 1200 2957 lectio

1 2973 2 3042 ἶ
135 2991 177 3057 sit
204 2990 374 3070 ,eluant“
401 2993 433 3057 et
456 2992 580 3075 quidem
596 3011 687 3074 supra
711 2992 825 3075 scripta
848 2995 879 3060 et
902 2992 992 3057 unius
1013 2993 1198 3072 ,fluant“·,

135 3097 362 3181 quodquidam
390 3117 425 3162 err
453 3098 593 3176 ,cluant“
621 3098 676 3163 aut
710 3098 835 3176 ,fuant“
872 3098 1043 3165 fluxisse
1066 3098 1197 3166 videtur.

134 3203 201 3289 Ego
224 3204 275 3268 hic
298 3223 368 3269 curn
384 3204 538 3270 Dresselio
565 3204 712 3284 ,fuent“
740 3206 872 3271 scribere
894 3205 1011 3272 malim.
1051 3204 1198 3290 (Dressel.

135 3309 238 3376 variae
260 3309 331 3376 lect.
356 3331 384 3376 v.
410 3311 484 3376 504.
510 3311 684 3377 Giselinum
713 3311 868 3395 scripsisse
895 3312 973 3378 dicit
1010 3311 1126 3390 ,fuant
1149 3311 1200 3378 vel

135 3415 244 3496 fiant“,
261 3420 313 3500 qui
335 3418 438 3481 tamen
455 3417 579 3500 scripsit
606 3417 761 3496 ,cluant‘,
784 3417 864 3484 nihil
886 3419 1061 3503 annotans.)

242 3542 276 3607 si
299 3541 373 3625 quid
396 3541 516 3626 proprio
536 3542 637 3608 Marte
659 3544 771 3607 audere
793 3542 886 3608 liceat
908 3542 994 3626 aliud
1016 3540 1199 3606 inusitatum

136 3649 261 3714 verbum
279 3648 445 3714 Prudentio
460 3649 636 3728 tribuerem,
660 3649 739 3733 quod
763 3651 809 3714 est
837 3648 1032 3728 ,cludere
1054 3667 1108 3731 pro
1131 3648 1199 3714 vul·

136 3756 208 3840 gato
244 3755 395 3834 claudere,
432 3775 614 3839 quamquam
651 3756 730 3820 nulli
754 3755 864 3821 editori
898 3754 1069 3838 probatum,
1103 3773 1199 3838 neque

136 3881 229 3928 manu
253 3862 434 3944 scriptorum
458 3863 596 3928 codicum
621 3862 803 3928 auctoritate
826 3861 1083 3939 commendatum,
1118 3860 1198 3943 quod

136 3971 239 4036 tamen
276 3971 371 4048 ,forte
405 3971 523 4035 rectum
558 3976 640 4034 esse“
680 3970 747 4055 J'am
781 3967 954 4034 Dresselius
988 3967 1199 4050 suspicabatur

138 4075 220 4164 (vide
243 4075 381 4141 notulam
405 4077 470 4160 ejus
494 4075 605 4155 versui,
629 4074 667 4141 de
690 4094 747 4160 quo
770 4074 852 4141 infra
885 4093 1012 4161 agemus
1035 4072 1194 4162 audiunt
