2848 4758
586 395 805 466 ...63-

165 571 276 640 Perist
298 571 338 653 X,
361 569 437 639 345.
465 571 706 640 immolarier

275 679 372 764 ,quod
393 680 520 746 mandet
534 679 584 746 illi
606 681 712 748 nectar
734 681 1004 748 immolarier⁸.

164 804 277 889 Apoth.
301 805 376 872 905.
399 804 601 872 innectier

274 911 346 992 ,sed
367 930 435 977 mor
457 912 493 977 ut
515 911 644 998 gravido
663 912 751 998 jussa
773 912 821 978 est
843 912 1041 980 innectier
1069 920 1172 981 arvo⁸.

164 1017 274 1085 Perist.
297 1017 337 1098 X,
361 1018 436 1085 651.
459 1018 659 1086 luctarier
687 1097 694 1108 ἱ

274 1125 346 1206 ,sed
361 1125 432 1210 quia
455 1125 607 1211 profunda
634 1146 694 1193 non
727 1127 803 1195 licet
835 1128 1034 1196 luctarier

239 1312 242 1319 Ι
269 1232 386 1300 ratione
408 1235 542 1301 tecum‘.

162 1357 271 1442 Psych.
296 1359 371 1426 357.
395 1357 598 1425 innectier

273 1463 339 1544 ,his
354 1465 471 1550 rigidas
494 1464 582 1532 nodis
604 1465 802 1533 innectier
817 1465 933 1532 ulnas*

161 1570 355 1652 Peristvll,
378 1572 430 1639 54.
453 1572 636 1657 negarier

272 1697 506 1763 ,ascensumque
527 1678 739 1764 negarier“.

161 1783 270 1868 Psyoh.
296 1786 370 1851 214.
409 1785 642 1870 popularier

272 1891 522 1975 ,popularier
543 1891 662 1976 hospite
685 1892 820 1958 aratro“.

161 1997 273 2064 Perist.
297 1998 336 2077 X,
361 2001 436 2066 939.
459 1998 659 2083 profarier

271 2106 339 2185 ,vel
361 2106 529 2173 exituoris
551 2105 701 2190 cymbalis
723 2106 956 2190 profarier⁸.

161 2228 249 2297 cath.
273 2230 311 2311 V,
338 2233 411 2298 148.
458 2230 641 2317 spargier

271 2338 401 2421 ,passim
425 2357 589 2422 purpureos
612 2338 793 2425 spargier
815 2337 987 2422 hesperos‘.

161 2443 243 2528 Sym.
268 2445 309 2525 ΙΙ,
333 2445 408 2512 587.
454 2445 690 2531 subjungier

270 2551 524 2638 ,subjungier
546 2552 600 2617 uni
622 2552 786 2636 Imperio‘.

159 2657 252 2724 Ham.
280 2661 352 2726 106.
398 2657 629 2725 venerarier

269 2766 337 2833 ‘vel
359 2766 387 2832 si
408 2765 540 2851 gentiles
564 2765 667 2832 sordet
689 2764 918 2832 venerarier
940 2764 1082 2831 umbras‘

159 2888 269 2954 Perist.
293 2890 351 2970 Ill,
375 2889 450 2954 211.
479 2889 541 2968 ,sic
563 2890 794 2957 venerarier
816 2889 1007 2956 orsalibet“.

158 2995 268 3080 Psyoh.
293 2997 346 3064 39.
392 2995 585 3063 vestirier

271 3101 413 3182 ,floribus
427 3102 606 3186 ardentique
625 3103 717 3189 jubet
738 3103 925 3169 vestirier
947 3103 1056 3170 ostro·

266 3226 460 3293 Notandum:
483 3226 800 3305 circumferrier,
845 3226 1135 3309 comprendier,
1157 3227 1220 3293 di·

159 3333 357 3418 spargier,
380 3334 622 3421 grassarier,
639 3333 858 3414 innectier,
875 3333 950 3420 (bie)
967 3333 1218 3419 subjungier,

157 3440 628 3521 venerarier,·vestirier,
652 3441 758 3526 quinto
781 3440 857 3524 pedo
886 3440 1000 3506 heroici
1027 3459 1131 3506 versus
1165 3457 1218 3524 po-

158 3544 227 3622 sita,
250 3545 358 3612 addita
380 3545 535 3632 bissylaba
550 3566 622 3614 voce
638 3548 763 3614 venuste
786 3549 818 3612 et
839 3566 899 3613 non
915 3547 981 3613 sine
1004 3547 1135 3630 quadam
1149 3546 1217 3614 arto

157 3651 364 3718 hexametrum
387 3655 539 3734 claudere,
573 3654 653 3738 qnod
685 3655 750 3720 iere
782 3673 900 3737 semper
932 3653 1015 3737 apud
1038 3652 1214 3720 Lucretium

156 3757 223 3822 fieri
239 3757 413 3826 Staedlerus
463 3760 527 3840 ,De
561 3779 698 3828 sermone
729 3761 928 3828 Lucretiuno‘
960 3758 1095 3848 (dissert.
1125 3759 1216 3828 lenae

158 3863 270 3954 1869.)
292 3865 473 3935 observavit.
822 3883 830 3894 ‘

260 3991 298 4058 In
320 3991 501 4060 declinando
515 3994 607 4062 verbo
629 4014 659 4079 q.
672 4015 699 4063 e,
727 3998 815 4074 ,sum
832 3996 863 4061 et
878 3993 1053 4078 compositis
1067 3991 1214 4060 vetustio-

154 4095 240 4162 ribus
255 4097 362 4164 iormis
377 4098 497 4183 saepius
513 4100 611 4167 utitur
633 4100 819 4167 Prudentius
834 4104 866 4166 et
887 4101 1022 4185 quidem:
