2848 4758
602 367 831 435 -.ῃ-

185 544 370 628 opulens,
390 544 433 610 tis
456 542 524 629 (pro
546 579 591 592 -·-
625 541 676 632 us)
711 545 822 611 Perist.
857 544 914 623 Xl,
950 545 1024 612 218.
1051 543 1154 632 (ΧΙΙΙ,
1192 545 1242 609 18.

118 651 122 660 “
185 651 420 735 opulentus.)
1189 669 1196 687 ·

186 756 261 837 dis,
285 758 327 823 tis
350 758 432 823 Hom
458 759 532 835 796,
556 758 631 823 859.
661 756 835 844 (ditibus
857 759 894 823 Ι0
923 759 1000 842 pede
1022 757 1156 844 beram.)

291 865 461 948 Peristeph.
485 863 526 942 X,
552 865 625 930 721.
650 862 803 930 Obbarius
825 864 1008 931 auctoritate
1031 865 1175 948 quattuor
1197 882 1246 929 oo-

186 971 298 1050 dioum,
330 971 376 1055 (in
417 972 540 1054 quibus·
576 968 753 1057 Rutisbon.)
777 971 944 1038 commotus
978 971 1082 1056 legere
1116 969 1245 1048 mavult,

189 1077 494 1161 ,imbeoi11i“pro
520 1076 731 1156 ,imbecillo“:

296 1185 392 1264 ,Puto
414 1183 638 1262 imbecillo,
660 1185 743 1263 nate,
765 1184 901 1250 turbaris
924 1183 1039 1249 metu⁸.
1076 1219 1116 1230 -
1238 1241 1242 1244 .

184 1290 335 1374 Equidem
358 1291 516 1357 observavi
539 1290 679 1374 pluribus
701 1289 776 1356 loeis
805 1290 1008 1355 Prudentium
1050 1289 1247 1368 ,imbecil-

184 1397 263 1462 lus¹¹
290 1397 442 1481 adjootivo
465 1397 523 1475 uti,
547 1415 591 1462 en.
616 1415 664 1480 gr.
689 1395 777 1465 (leth.
801 1396 857 1476 IV,
881 1398 911 1461 2.
936 1395 1026 1461 Ceth.
1062 1395 1133 1473 Vll,
1172 1397 1245 1462 190.

185 1502 240 1582 XI,
265 1504 317 1568 99.
341 1503 412 1583 XII,
437 1504 512 1569 207.
548 1503 662 1586 Apoth.
696 1503 792 1586 praei.
827 1505 880 1568 31.
918 1539 958 1549 -
993 1503 1095 1584 itaque
1128 1502 1159 1568 et
1191 1502 1247 1568 hoe

184 1609 249 1675 loeo
271 1609 437 1694 legendum
460 1609 608 1675 existimo.
634 1647 676 1656 -—

183 1713 354 1795 ledeius,
379 1713 448 1800 (pro
472 1753 511 1763 -
536 1713 622 1803 aeus)
647 1714 730 1800 Sym.
754 1715 780 1795 Ι,
806 1715 880 1782 228.

184 1821 373 1902 romulus,
395 1841 424 1900 a,
447 1841 501 1886 um
525 1819 594 1908 (pro
616 1858 660 1870 -·
684 1841 736 1888 sus
759 1852 800 1876 =
823 1819 980 1909 romanus)
1013 1821 1096 1906 Sym.
1120 1821 1145 1899 Ι,
1169 1823 1244 1886 542.

183 1925 224 2006 ll,
247 1927 321 1994 298.
344 1926 455 1994 Perist
478 1927 534 2007 ΙΙΙ,
561 1930 589 1992 1.
612 1927 651 2007 V,
676 1928 729 1994 22.

183 2032 390 2116 philippus
412 2052 466 2116 pro
488 2033 662 2117 philippens
685 2033 795 2101 Perist
820 2033 861 2110 ΙΙ,
895 2034 966 2100 102.

594 2342 733 2449 Caput
763 2342 835 2424 ΙΙΙ.

290 2513 334 2582 tte
358 2500 516 2584 nominum
540 2513 816 2590 substantivorum
848 2515 882 2582 et
905 2512 1137 2602 adjectivorum

598 2617 819 2688 declinatione.

289 2737 325 2801 ln
357 2735 549 2802 declinandis
583 2734 786 2801 substantivis
820 2736 853 2800 et
873 2735 1037 2822 adjectivis
1071 2734 1246 2800 nominibus

182 2842 370 2908 Prudentius
404 2843 581 2938 consuetum
615 2841 737 2909 dicendi
768 2842 919 2907 rationem
954 2842 1146 2926 relinquens,
1181 2841 1246 2908 sive

183 2948 365 3032 exquisitum
401 2949 475 3031 quid
508 2949 655 3015 affectans
689 2950 782 3032 atque
816 2950 983 3029 vetustum,
1018 2949 1138 3032 saepius
1160 2967 1244 3014 rums

183 3054 363 3140 vulgaribus
396 3055 663 3122 terminationibus
685 3055 852 3139 anteponit.
898 3055 963 3121 Nos
986 3056 1110 3138 quidem
1132 3055 1244 3132 omniu,

183 3180 261 3244 quae
290 3161 351 3228 huo
372 3162 537 3245 pertinent,
561 3181 679 3228 summo
702 3162 804 3228 studio
827 3161 973 3246 colligere
996 3161 1099 3228 eonati
1129 3180 1244 3240 sumus,

182 3266 312 3332 iterum'
329 3267 501 3351 iterumque
533 3267 685 3333 Prudenti
718 3267 833 3350 scripta
866 3267 1010 3332 munibus
1043 3267 1186 3346 terentes
1218 3267 1254 3333 si-

183 3372 255 3456 quid
278 3374 381 3439 autem
404 3373 483 3440 forte
505 3374 697 3443 omiserimus
720 3375 813 3442 faoile
836 3376 958 3442 veniam
982 3376 1013 3440 et
1028 3374 1245 3458 impunitatem

183 3477 271 3544 nobis
293 3478 399 3544 datum
428 3478 469 3544 iri
496 3498 668 3562 speramus,
700 3501 794 3565 quum
816 3483 850 3547 in
871 3482 960 3548 tanta
983 3482 1142 3548 verborum
1165 3481 1245 3547 mole

183 3583 233 3648 vix
255 3583 358 3650 omnia
380 3584 470 3650 unius
493 3585 595 3650 studio
616 3587 735 3670 possint
758 3587 921 3654 observari.
948 3626 987 3636 -

419 3752 588 3820 Nomina
622 3755 921 3822 declinationis
945 3756 1007 3820 1²⁶.

290 3867 474 3934 Genetivum
498 3870 665 3954 singularis
687 3871 808 3936 numeri
836 3871 870 3936 in
894 3871 943 3951 ,si‘
968 3871 1169 3950 desinentem,
1193 3889 1245 3937 ve-

183 3975 300 4042 teribus
322 3976 355 4040 et
382 3975 524 4041 Lucretio
555 3976 763 4058 tritissimum,
786 3995 846 4044 uno
867 3978 992 4045 tautum
1013 3978 1079 4044 loeo
1101 3978 1246 4044 exhibent

184 4079 303 4150 codices
325 4099 418 4148 manu
440 4080 548 4167 scripti
570 4117 614 4130 —
637 4083 749 4166 Apotb.
776 4085 856 4150 702:
920 4103 925 4114 “
