2848 4758
649 333 845 400 ..g-

218 518 337 596 cuutur,
361 517 499 582 auctores
521 514 658 580 omnium
690 513 832 578 manibus
854 511 1118 594 terantur,⁴quum
1140 530 1159 578 a
1181 510 1281 593 prima
1399 555 1400 586 ,

217 624 319 691 aetate
341 621 580 688 adolescentium
610 619 706 685 animi
739 619 772 683 iu
796 619 921 704 egregia
950 619 1021 697 isto,
1052 617 1131 701 quod
1163 617 1281 684 sincere
1399 628 1400 690 Τ

205 733 360 810 tutamur,
395 730 548 813 palaestra
582 727 785 806 exerceantur,
809 725 840 790 in
865 745 924 808 qua
946 725 1059 790 mentis
1082 725 1162 790 acies
1186 743 1281 808 auge·

218 840 278 917 tur,
303 836 448 902 memoria
470 835 644 901 roboratur:
668 833 799 898 maxime
815 833 979 898 dolendum
1002 833 1047 898 est
1063 852 1081 897 a
1097 831 1281 896 Christianis
1399 839 1400 866 ¹

219 944 401 1011 christianos
432 943 602 1026 scriptores,
635 959 673 1005 ne
707 940 808 1005 dicam
837 939 958 1005 omnino
993 939 1112 1022 negligi
1134 977 1178 984 —
1200 939 1282 1003 atta-

219 1070 289 1116 men
312 1049 476 1115 maximam
498 1049 617 1132 partem
639 1047 725 1132 parvi
747 1046 904 1114 aestimari
926 1065 1097 1130 magnoque
1120 1045 1282 1128 supercilio

221 1156 345 1240 despici.
381 1155 484 1236 Quid?
518 1155 552 1220 Si
583 1154 750 1220 Lambinus
773 1154 950 1219 Lucretium
974 1153 1011 1217 de
1034 1152 1099 1218 vita
1120 1152 1219 1231 beata,
1244 1149 1281 1217 de

219 1263 309 1328 rebus
326 1262 508 1327 caelestibus
532 1280 567 1326 ac
590 1260 730 1337 terrenis,
753 1279 813 1325 uon
838 1279 908 1326 vere
923 1259 1014 1324 illum
1029 1258 1161 1341 quidem,
1185 1277 1281 1342 neque

219 1370 278 1452 pie,
313 1367 367 1434 sed
400 1368 505 1433 tamen
538 1367 702 1450 purissimo
731 1385 868 1434 sermone
890 1367 1063 1448 loquentem
1085 1366 1172 1430 tanto
1194 1381 1282 1448 opere

221 1474 422 1553 commendat,
453 1492 527 1538 num
549 1493 603 1538 uos
626 1473 808 1543 christianes
829 1474 943 1557 poetas,
975 1491 1082 1554 eosque
1105 1473 1136 1538 ct
1159 1491 1231 1538 vere
1251 1473 1283 1537 et

220 1583 269 1665 pie
302 1582 339 1646 de
372 1581 462 1646 rebus
497 1579 623 1647 maximi
656 1580 804 1648 momenti
836 1580 1028 1658 disserentes,
1062 1579 1282 1646 1111111111

221 1689 344 1755 omnino
366 1687 510 1772 indiguos
529 1685 732 1770 putabimus?

327 1795 435 1877 Neque
459 1794 492 1860 11
514 1793 655 1859 omnibus
679 1793 824 1862 audiendi
840 1795 912 1860 aunt
934 1793 966 1873 ii,
990 1793 1042 1877 qni
1058 1792 1129 1860 eolis
1152 1795 1282 1878 paganis

221 1902 385 1985 imperium
407 1903 441 1966 iu
463 1901 574 1968 scholis
590 1900 791 1979 vindicantes,
815 1899 1003 1986 Christianos
1026 1900 1093 1968 ideo
1109 1919 1283 1985 expungen-

222 2008 275 2074 dos
298 2009 420 2092 putant,
443 2007 521 2102 quod
540 2008 687 2090 incompti
710 2007 773 2074 siut
795 2008 826 2071 et
840 2008 913 2088 lari,
936 2007 1015 2091 quod
1030 2007 1190 2090 leporibus,
1216 2007 1282 2090 qui·

221 2116 278 2182 hus
300 2112 351 2180 illi
372 2114 530 2180 abundent
559 2113 736 2196 saepissime
766 2115 904 2194 careant,
936 2114 1015 2197 qnod
1037 2115 1156 2182 numeri
1180 2133 1283 2184 111111

223 2222 406 2300 claudicent,
429 2223 587 2304 perspicua
603 2220 737 2286 brevitas
754 2220 959 2288 desideretur:
982 2222 1057 2287 haec
1077 2221 1159 2289 euim
1180 2221 1284 2290 omnia
1399 2209 1400 2282 3

224 2329 322 2412 specie
345 2327 476 2411 quadam
499 2327 639 2394 veritatis
661 2327 772 2410 potius,
796 2346 887 2410 quarn
909 2327 976 2410 ipsa
999 2328 1128 2394 veritate
1151 2327 1284 2394 fulciun-

222 2437 283 2515 tur,
308 2433 446 2516 quamuis
470 2453 558 2516 saepe
580 2453 634 2516 pro
657 2433 737 2502 veris
760 2433 971 2501 venditentur:
994 2453 1053 2502 non
1077 2435 1157 2500 enim
1181 2453 1284 2518 quem-

223 2543 307 2626 piam
332 2540 369 2606 de
398 2539 491 2606 trivio
521 2541 679 2623 arreptum
710 2539 875 2625 legendnm
897 2541 1098 2623 postulamus,
1129 2541 1184 2606 111
1206 2541 1283 2624 opti·

225 2667 310 2714 mum
334 2665 483 2730 quomque
505 2648 536 2712 et
558 2647 793 2732 gravissimum,
824 2648 856 2712 in
880 2645 992 2728 quibus
1014 2645 1105 2712 facile
1127 2647 1282 2716 11111111-

224 2756 277 2820 tur
298 2754 448 2830 nonnulli,
483 2755 546 2837 qui,
579 2755 749 2838 temporum
783 2753 901 2822 ratione
934 2753 1050 2831 habita,
1080 2751 1284 2821 celeberrimis

228 2861 422 2943 antiquitatis
459 2860 657 2945 scriptoribus
696 2861 790 2946 digne
817 2859 1013 2928 annumerari
1040 2859 1157 2942 possint
1185 2861 1217 2928 et
1238 2878 1286 2925 re·

226 2985 297 3034 rora
320 2968 512 3034 annumerati
534 2969 615 3034 sunt.
1003 3030 1005 3034 ,

334 3077 419 3142 Haeo
442 3075 509 3141 ideo
532 3074 759 3158 praemittenda
780 3074 982 3157 putabamus,
1008 3071 1145 3142 Candide
1167 3073 1284 3151 Lector,

226 3183 262 3246 ut
284 3201 322 3246 ne
357 3181 431 3264 quid
464 3165 667 3266 praejudicati
700 3181 760 3247 huo
793 3180 920 3250 afferens
953 3181 1115 3249 eonsilium
1149 3180 1285 3248 nostrum

227 3288 389 3370 improbes,
412 3306 470 3370 quo
501 3287 653 3367 commoti,
688 3287 912 3354 obseruationes
946 3287 1094 3370 quasdem
1118 3285 1287 3352 decimali

227 3393 376 3460 Prudenti
399 3393 565 3460 Clementis
587 3413 698 3478 genere
721 3393 843 3462 dicendi
863 3395 1084 3460 communicare
1099 3393 1201 3461 tecum
1225 3392 1287 3458 sta·

227 3500 352 3566 1111111.
386 3537 426 3546 -
459 3501 549 3566 Hunc
578 3501 660 3566 onim
689 3501 820 3568 maxime
848 3501 991 3567 idoneum
1013 3499 1207 3581 putabamus,
1231 3517 1288 3580 quo
1399 3573 1400 3586 χ

228 3605 338 3672 melius
372 3606 495 3690 cognito
529 3606 771 3675 adversariorum
805 3606 989 3690 argumenta
1022 3606 1214 3688 rationesque
1241 3623 1287 3670 re·
1399 3671 1400 3682 ,

230 3712 378 3777 fallantur
403 3712 433 3776 et
456 3712 659 3779 confutentur.
683 3715 829 3780 Erasmus
845 3712 928 3778 enim
949 3712 1170 3778 Roterodamus
1198 3711 1288 3790 ,Pin
1399 3714 1400 3732 ¹

229 3818 338 3882 darum
362 3818 553 3906 nostrum“²)
589 3819 700 3904 Caspar
734 3819 882 3884 Barthius
920 3817 1077 3898 ,diuinum
1099 3818 1283 3884 Pindaruml

335 3959 362 4026 2)
382 3960 411 4013 iu
429 3962 619 4018 commentario
637 3957 672 4017 ad
684 3957 762 4017 Ceth.
782 3959 822 4014 x1
841 3976 866 4029 p.
885 3959 939 4015 458
958 3957 1073 4018 editioni
1088 3957 1220 4016 Prudenti
1238 3957 1287 4018 Ba·

229 4046 337 4102 sileensi
357 4048 427 4104 1562
445 4047 546 4106 addito.
1120 4091 1122 4095 -
