2848 4758
551 358 770 428 ..75-

112 534 224 602 Perist.
259 534 298 616 X,
335 535 408 602 753.
432 535 662 603 immersere
691 535 774 622 Sym.
797 537 825 615 Ι,
849 535 924 603 294.
946 532 1172 602 instruxere

112 642 224 708 Perist.
259 642 315 721 XI,
352 643 423 709 105.
455 661 711 710 mansuevere
745 642 857 726 Apoth.
888 643 963 708 430.
987 659 1172 725 peperere

113 745 203 817 Ceth.
225 749 282 830 III,
308 750 380 817 183.
402 749 587 834 pepigere
610 751 720 816 Perist.
744 751 786 830 ΙΙ,
805 751 878 815 137.
903 749 1054 833 petiere
1077 748 1171 814 Ham.

113 855 187 923 956.
210 874 416 939 respexere
437 855 528 923 Ham.
559 857 634 925 842.
662 857 789 923 tulere
811 856 923 924 Perist.
945 857 1033 936 VIII,
1056 857 1088 920 4.
1113 873 1171 921 ve·

110 981 199 1028 xere
222 960 309 1029 0511.
332 963 404 1043 XII,
429 965 501 1030 186.
520 962 603 1049 Sym.
620 966 661 1044 ΙΙ,
686 966 759 1031 576.
784 964 940 1030 uertere
962 962 1072 1048 Psych.
1097 963 1172 1030 631.

111 1069 223 1138 Perist.
241 1070 279 1149 X,
297 1071 371 1138 963.
389 1071 522 1138 vicere
537 1071 620 1157 Sym.
637 1072 680 1151 ΙΙ,
698 1072 771 1140 747.
784 1072 918 1139 vixere
940 1069 1015 1137 ibid.
1040 1070 1112 1136 198.
1128 1103 1173 1115 -·

521 1433 658 1540 Caput
689 1433 760 1516 III.

480 1589 534 1657 05
568 1587 806 1657 adverbio.

218 1714 284 1779 Hoc
306 1733 422 1798 quoque
445 1713 546 1797 capite
561 1713 825 1782 commemoranda
841 1712 932 1778 erunt
949 1712 1039 1796 plura
1054 1730 1072 1777 a
1094 1712 1172 1777 Pru·

111 1820 216 1887 dontio
239 1821 361 1900 novata,
387 1821 497 1904 quippe
520 1821 573 1904 qui
596 1840 656 1886 non
678 1820 834 1905 ignorans,
858 1820 1007 1902 quantum
1029 1818 1069 1884 ad
1102 1836 1173 1902 poe-

110 1927 154 1994 sis
184 1930 247 1994 vim
281 1927 465 2012 augendum,
495 1929 535 1993 nd
558 1929 686 1994 subtiles
710 1927 877 1994 sententias
901 1925 1109 2003 illustrandas,
1133 1923 1173 1990 ad

109 2035 281 2120 imaginum
305 2035 434 2100 nitorem
463 2035 633 2112 tollendum
664 2035 765 2101 valeat
799 2034 924 2100 idoneus
958 2033 1171 2099 adverbiomm

110 2161 184 2208 usus
208 2141 384 2226 saepissime
407 2161 442 2208 ea
469 2141 654 2223 adhibuerit,
685 2145 777 2226 atque
798 2141 853 2208 ubi
875 2161 908 2207 se
929 2140 1055 2225 linguae
1077 2139 1174 2205 latine

110 2249 198 2332 copia
222 2248 405 2314 destitutum
439 2249 529 2329 vidit,
564 2269 656 2316 novas
680 2249 801 2315 finxerit
824 2267 921 2328 voces,
956 2267 1016 2312 non
1048 2246 1173 2330 quidem

110 2354 252 2422 inaudito
285 2374 377 2437 more,
413 2355 466 2422 sed
500 2356 539 2422 ad
561 2356 734 2439 exemptum
758 2356 894 2422 veterum
917 2373 1085 2420 recurrens.
1110 2353 1173 2420 No·

109 2463 179 2527 tum
213 2465 259 2527 est
292 2462 409 2527 veteres
442 2463 620 2546 plerumque
653 2462 755 2546 supini
790 2462 839 2528 vel
867 2461 1023 2545 participii
1044 2459 1170 2546 perfect'

109 2567 228 2652 passivi
249 2567 465 2634 terminatione
494 2571 591 2637 recisa
620 2570 653 2635 in
683 2571 749 2655 ejus
771 2570 873 2636 locum
897 2570 959 2649 ,im‘
983 2566 1174 2634 terminatio-

110 2695 183 2741 nem
213 2676 412 2755 substituere,
441 2677 533 2761 atque
555 2677 611 2743 hoc
634 2677 722 2744 modo
745 2676 891 2744 adverbia
915 2676 1046 2743 formare
1069 2675 1174 2742 solitos

111 2799 177 2848 esse
200 2781 279 2867 (cfr.
295 2783 354 2848 Leo
376 2783 482 2867 Meyer
510 2783 688 2851 zeitschrift
717 2786 739 2852 f.
770 2783 867 2868 vergi.
890 2783 1173 2868 Spreohforschung

112 2890 143 2966 6,
166 2889 188 2953 4
211 2907 281 2972 pag.
307 2891 380 2956 301.
406 2889 485 2977 sqq.)
510 2909 555 2959 ex.
578 2911 624 2976 gr.
654 2892 770 2970 statim,
794 2889 939 2970 strictim,
962 2889 1034 2956 alia.
1058 2888 1173 2956 Eodem

111 2994 201 3060 modo
223 2995 410 3062 Prudentius
432 2997 523 3062 iecit:

110 3102 388 3186 congregatim
412 3102 499 3170 Ceth.
523 3105 594 3185 VII,
622 3107 694 3174 143.

112 3209 360 3293 segregatim
382 3210 473 3277 Ham.
497 3212 591 3294 praei.
617 3214 670 3278 39.

110 3315 344 3397 permixtim
363 3316 473 3383 Perist.
498 3317 553 3397 Xl,
582 3319 653 3385 192.

112 3419 302 3505 digestim
325 3421 435 3488 Perist.
459 3423 501 3502 ΙΙ,
527 3425 599 3490 129.

111 3527 269 3594 scissim
292 3527 372 3595 Ditt.
397 3531 450 3597 34.

217 3633 358 3702 Rariores
381 3636 541 3716 Varronis,
572 3635 704 3719 Lucreti,
728 3639 869 3719 aliorum,
892 3638 1006 3705 formas
1028 3637 1061 3703 in
1088 3639 1166 3717 ,151Ι

112 3739 284 3808 desinentes
306 3742 362 3808 has
385 3742 543 3815 adhibuit:
600 3790 605 3799 .
691 3756 694 3763 ·

111 3847 344 3914 cumulatim
367 3848 479 3933 Apoth.
505 3851 524 3917 7
550 3853 578 3917 7.

4 4017 5 4026 ,
112 3951 265 4020 mixtim
281 3955 393 4040 Apoth.
420 3959 515 4024 1008.
541 3957 630 4024 Ham.
657 3961 707 4028 78.
729 3961 812 4050 Sym.
830 3962 872 4046 ΙΙ,
887 3963 962 4034 490.
987 3959 1098 4026 Perist.
1114 3959 1170 4041 VI,

222 4061 294 4130 141.
318 4062 358 4143 X,
382 4065 458 4130 848.
