2848 4758
567 403 785 471 ..25-

142 581 248 648 autem
290 581 520 665 ,tispernetus.“
585 580 777 666 Quamquam
811 583 915 648 autem
950 581 1032 648 idem
1065 599 1208 650 romanae

143 687 333 772 eloquentiae
365 688 506 772 princeps
539 688 601 756 alio
624 689 689 756 loco
717 688 794 755 dicit
804 687 846 774 ²⁹)
886 688 1044 773 ,linguam
1077 688 1207 755 latinam

142 813 203 859 nou
225 795 313 861 modo
335 813 396 862 non
418 794 549 879 inopem,
573 796 608 861 ut
627 797 722 881 vulgo
743 796 929 880 putaverint,
954 796 1008 862 sed
1029 796 1208 880 locupletio-

142 919 206 966 rem
230 919 305 982 esse,
329 921 420 985 quum
446 921 600 987 graecam,
629 903 734 968 tamen
764 901 856 968 tertio
880 904 917 970 de
939 901 1052 968 finibus
1074 902 1208 988 libro⁸⁰l

142 1006 282 1073 concedit
308 1007 357 1087 ,in
380 1007 465 1073 omni
487 1009 562 1087 arte,
597 1010 685 1094 cujus
718 1027 791 1075 usus
813 1007 952 1094 vulgaris
980 1008 1208 1093 communisque

140 1131 201 1178 non
224 1112 277 1192 sit,
301 1113 432 1179 multam
454 1114 623 1180 novitatem
647 1115 803 1181 nominum
820 1134 895 1196 esso,
909 1134 1003 1198 quum
1019 1115 1208 1181 constituan-

141 1220 193 1285 tur
215 1239 319 1286 earum
343 1240 445 1286 rerum
468 1221 626 1301 vocabula,
654 1241 731 1306 quae
753 1222 786 1286 in
802 1240 922 1305 quaque
944 1223 1012 1287 arta
1026 1223 1202 1288 versentur“

141 1326 305 1410 eodemque
327 1327 460 1413 librom)
495 1326 641 1393 Catonem
676 1329 732 1407 ,da
754 1328 839 1412 inopi
861 1328 969 1412 lingua
991 1327 1108 1393 latina“
1134 1345 1207 1411 que·

140 1433 258 1498 rentem
274 1432 402 1500 inducit.
426 1434 588 1502 Lucretius
604 1452 729 1518 quoque,
753 1435 921 1500 Prudentia
935 1433 1205 1513 familiarissimus,

144 1540 349 1624 ,egestatem
377 1539 505 1626 linguae
526 1541 643 1607 latinae
659 1560 751 1626 aegre
772 1540 882 1607 tulisse
897 1540 1030 1619 videtur,
1057 1538 1102 1605 ita
1126 1540 1205 1606 enim

138 1645 343 1732 loquitur⁸²):

248 1803 254 1817 .
280 1802 288 1819 .
313 1803 321 1819 .
347 1805 354 1820 .
383 1753 566 1840 ,Grajorum
589 1755 718 1822 obscura
740 1756 862 1839 roperta

247 1859 375 1927 difficile
397 1861 562 1928 inlustrare
585 1862 693 1929 latinis
715 1862 854 1929 versibus
881 1879 956 1941 esse,

246 1967 345 2034 multa
368 1969 454 2035 nouis
476 1969 578 2035 verbis
600 1968 781 2053 praesertim
804 1988 874 2036 cum
899 1969 941 2035 sit
963 1968 1128 2053 agendum,

244 2075 366 2158 propter
389 2075 559 2161 egestatem
581 2076 708 2161 linguae
736 2077 767 2142 et
788 2095 890 2142 rerum
914 2075 1113 2142 novitatem.“

246 2181 412 2265 Praecepto
434 2181 532 2267 igitur
555 2184 668 2248 summi
690 2181 820 2249 oratoris
841 2182 924 2262 licet,
954 2201 1046 2265 quum
1070 2181 1206 2264 pedestri

139 2285 274 2353 oratione
297 2287 512 2366 scribentibus,
546 2290 612 2354 tum
647 2289 808 2373 praecipuo
837 2290 943 2372 poetis,
979 2288 1087 2371 quibus
1110 2287 1205 2351 licen·

139 2393 216 2459 tiam
248 2394 359 2459 statuit
397 2395 562 2479 ,majorem
586 2415 660 2475 esse,
695 2415 786 2481 quam
809 2396 841 2460 ιιι
864 2395 961 2474 nobis,
996 2392 1204 2461 faciendorum

141 2499 230 2581 atque
250 2498 478 2584 jungendorum
494 2502 726 2587 verborum“⁸³)
749 2501 851 2568 verbis
867 2501 912 2566 uti
928 2500 1057 2584 privatis
1080 2518 1116 2566 ac
1132 2499 1204 2579 suis,

140 2606 318 2688 praesertim
343 2607 462 2689 quando
485 2607 629 2674 derebus
651 2610 748 2693 agant
774 2626 833 2674 non
862 2605 1087 2692 ,pervagatis‘,
1111 2624 1205 2689 eaque

138 2710 267 2777 licentia
289 2731 362 2778 usus
384 2713 580 2795 Prudentius,
615 2733 761 2799 magnam
784 2715 946 2781 vorborum
969 2714 1043 2793 vim,
1077 2714 1112 2777 ut
1135 2731 1204 2779 cum

139 2815 282 2884 Cicerone
305 2819 422 2902 loquar,
447 2821 565 2906 genuit,
590 2821 722 2901 novant,
746 2821 831 2899 lecit,
854 2840 979 2904 quorum
995 2821 1128 2904 plurima
1152 2818 1224 2884 de·'

138 2942 230 2989 cursu
251 2925 398 3008 temporis
421 2927 459 2992 ab
482 2927 531 3006 iis,
562 2927 615 3011 qui
645 2928 683 2993 de
714 2926 895 3012 theologicis
916 2926 1007 2992 robus
1030 2926 1206 2996 scribebant

138 3029 266 3097 civitate
289 3031 377 3115 quasi
400 3033 523 3113 donata,
547 3034 579 3098 in
602 3034 737 3100 omnium
760 3053 811 3100 ore
833 3034 914 3099 sunt.
938 3032 1111 3099 Fatendum
1134 3051 1205 3098 vero

139 3136 195 3215 est,
219 3156 365 3222 magnam
390 3158 492 3205 eorum
511 3142 628 3223 partem
646 3140 751 3206 contra
766 3141 892 3226 genium
908 3140 939 3204 et
954 3138 1204 3206 consuetudinem
1310 3171 1311 3174 ¹

137 3243 264 3328 linguae
287 3244 343 3310 ιιι
333 3264 412 3325 mae,
438 3246 582 3331 nullaque
604 3248 734 3332 urgente
756 3247 938 3314 necessitate
960 3247 1088 3326 factam,
1112 3244 1205 3311 mini·

139 3368 248 3433 meque
270 3350 486 3432 adhibendam,
511 3353 565 3419 sed
588 3354 689 3437 potius
714 3352 1001 3437 perhorrescendam
1024 3371 1089 3419 esse
1110 3371 1204 3436 purae

139 3456 289 3522 latinitat
264 3459 306 3524 tus
330 3477 344 3523 s
345 3459 484 3525 tudiosis.

140 3601 353 3612 *nn-

246 3669 292 3739 29)
310 3668 344 3725 de
361 3669 436 3725 finib.
456 3671 479 3736 1,
498 3672 524 3736 ³,
542 3671 566 3741 9.
588 3673 629 3727 10.

245 3758 281 3814 30
299 3756 332 3813 de
350 3757 424 3813 finib.
445 3758 498 3825 III,
518 3761 543 3826 l,
562 3760 587 3830 9.
605 3761 629 3816 3.

246 3846 292 3911 31)
311 3845 377 3900 ibid.
398 3847 441 3913 15,
460 3848 484 3916 ᾗ.
503 3848 547 3903 51.

245 3934 431 4002 32)1.v.136
459 3935 512 4004 (ed.
531 3938 686 3993 Lachmann
705 3939 892 4008 Berol.1871)
916 3939 962 3995 clr.
986 3939 1007 3995 1.
1027 3957 1052 3995 v.
1071 3941 1132 3996 830.
1150 3939 1203 4005 111,

139 4023 199 4078 260.
219 4021 284 4079 Hor.
303 4023 351 4094 Ep.
370 4023 405 4078 ad
423 4024 544 4081 Pisones.

246 4111 292 4182 33)
310 4111 402 4168 (liceto
421 4112 526 4169 Orator.
548 4115 590 4181 20,
610 4116 634 4184 θ.
654 4115 697 4171 68.
