2848 4758
560 391 779 460 ...11-

137 571 171 638 in
192 572 289 658 lyrica
312 572 491 656 praesertim
515 571 608 654 poesi,
632 569 821 636 Christianos
835 569 928 653 longo
942 567 1109 651 superiores
1130 586 1196 633 esse

137 679 284 762 autiquae
316 679 431 746 Romae
460 678 594 756 uatibus,
629 695 756 759 qnorum
790 677 946 754 maximos,
981 675 1143 740 Horatium
1167 675 1197 739 et

138 783 305 864 Catullum,
328 805 388 852 non
410 787 513 868 inepte
536 784 702 864 Herderus,
725 783 867 850 aomrimi
890 783 938 849 uir
968 782 1102 866 ingenii,
1134 801 1197 860 ora,

137 911 281 976 graecam
304 911 422 974 semper
444 892 544 977 lyram
567 890 729 969 resonatia,
752 888 906 976 vocatu).

242 999 328 1065 Haeo
350 1018 445 1082 quum
479 999 523 1064 ita
558 999 622 1064 sint
655 997 749 1064 etiarn
771 996 967 1075 Prudentius,
990 995 1044 1080 qui
1067 995 1196 1073 sacculo,

137 1104 217 1188 quod
239 1124 293 1170 nos
323 1107 466 1188 quartum
496 1124 656 1183 vocamus,
687 1104 823 1181 exeunte,
857 1103 960 1186 itaque
994 1103 1101 1168 intima
1136 1101 1199 1168 lin·

137 1231 216 1296 guae
238 1212 354 1278 latinae
377 1213 479 1297 viguit
500 1213 612 1290 aetate,
637 1211 668 1276 et
690 1211 767 1278 uitia
790 1210 822 1276 et
844 1210 974 1276 virtutes
995 1229 1063 1275 cnm
1087 1227 1199 1290 aequa·

137 1318 218 1384 libus
242 1318 305 1383 suis
328 1319 421 1384 habet
443 1318 623 1385 communia.
662 1318 723 1383 Hic
745 1317 896 1400 Hispania
917 1317 1019 1399 patria
1041 1315 1197 1394 oriundus,

140 1423 194 1490 nbi
215 1423 320 1505 pulsae
343 1424 440 1490 Roma
463 1425 584 1492 litterae
606 1424 815 1508 ingenuaeque
838 1424 919 1489 artes
941 1422 1071 1505 hospitio
1094 1441 1198 1504 excep-

137 1530 188 1594 tae
211 1532 292 1608 sunt,
328 1531 487 1613 postquam
520 1533 589 1616 jure
624 1530 750 1596 dicendo
773 1529 974 1615 regendisque
996 1528 1123 1594 urbibus
1145 1529 1198 1594 bo-

46 1720 51 1727 .
137 1654 210 1701 nam
233 1637 344 1702 aetatis
366 1638 485 1720 partem
515 1637 738 1704 consummarit
765 1637 1071 1716 ,111111111111111ιι
1099 1634 1199 1701 cirili-

137 1744 194 1808 bus
217 1743 349 1828 negotiis
372 1744 528 1824 valedixit,
557 1763 645 1823 „uooe
680 1745 791 1811 saltam
813 1745 912 1810 Deum
935 1744 1199 1818 concelebraturus

138 1849 550 1939 simeritisnequiret11).“
584 1851 707 1935 Ingenii
738 1852 841 1916 autem
864 1850 911 1918 sni
934 1850 1051 1918 fructus
1074 1850 1129 1914 hos
1151 1867 1200 1914 re-

138 1955 240 2038 liquit,
276 1975 349 2038 quos
378 1957 497 2041 graecis
520 1959 584 2024 tera
606 1977 720 2037 omnes,
744 1958 770 2023 si
794 1958 898 2023 contra
921 1957 1138 2042 Symmachum
1160 1955 1200 2019 li·

139 2062 207 2128 bros
230 2063 363 2145 excipias
387 2063 476 2143 duos,
506 2064 667 2148 inscriptos
690 2064 873 2143 nominibus,
898 2063 962 2146 ipse
985 2061 1201 2128 commemorat

137 2167 325 2250 praefatione
348 2170 486 2253 generali
509 2191 536 2236 v.
562 2173 603 2236 37
628 2191 691 2255 sqq.

244 2275 367 2359 hymnis
390 2276 547 2342 continuet
571 2277 646 2357 dies,
671 2275 739 2364 (sol.
757 2276 910 2362 peccatrix
924 2277 1041 2362 anima)

246 2401 301 2448 neo
323 2401 380 2448 nox
403 2383 468 2449 nlla
490 2385 587 2464 uacet,
612 2385 685 2467 quin
708 2371 872 2451 Dominum
897 2384 1003 2450 canat:

247 2490 363 2573 pugnet
385 2491 490 2556 contra
513 2491 688 2574 heresosw)
711 2490 894 2556 catholicum
918 2489 1065 2556 discutiat
1086 2488 1189 2566 tidem,

142 2623 354 2637 -n-ae-——m-—u

249 2683 294 2747 10)
312 2683 426 2738 Herders
444 2683 541 2740 Werke
560 2685 703 2770 Tiibiqgen
723 2686 792 2740 1801
810 2684 863 2739 vol.
883 2683 945 2739 VII.
964 2700 990 2753 p.
1009 2684 1069 2738 241.

248 2773 294 2840 11)
313 2771 444 2827 Prudenti
462 2773 595 2843 praefatio
613 2789 703 2842 gener.
724 2791 749 2826 r.
768 2774 803 2829 35
819 2777 850 2828 ot
868 2775 910 2828 36.
939 2763 941 2768 ’

248 2861 293 2930 12)
315 2859 449 2923 „hereses“
470 2862 557 2930 prima
584 2866 714 2933 correpta,
742 2867 774 2916 nt
801 2861 1016 2917 sisenandum
1038 2860 1149 2924 „idolis“
1171 2877 1202 2915 ex

144 2949 262 3013 licentia,
282 2964 335 3019 qua
352 2948 433 3004 Prnd.
453 2951 483 3004 in
507 2965 593 3018 graec.
613 2967 683 3005 voce.
703 2952 857 3020 quantitate
875 2951 972 3005 utitur.
990 2949 1148 3004 Droesolius.
1167 2947 1202 3002 od

143 3037 169 3092 h.
188 3054 214 3092 r.
232 3038 327 3092 Liceat
350 3037 394 3092 hio
421 3039 597 3110 Bomhardy'i
622 3045 697 3109 (pace
716 3042 789 3095 tanti
809 3039 860 3094 viii
878 3038 1002 3105 dixerim)
1029 3053 1143 3094 errorem
1160 3037 1202 3092 in·

142 3125 238 3191 dicare,
258 3127 304 3197 qni
323 3127 478 3196 (Grundriss
496 3129 542 3184 der
560 3129 720 3184 R'omischen
732 3129 892 3184 Litteratur.
913 3127 1006 3182 Visite
1018 3126 1203 3194 Bearbeitung
1288 3162 1289 3165 η

142 3215 350 3286 Braunsohweig
369 3217 438 3272 1865
457 3233 482 3288 p.
502 3219 562 3273 916.
592 3218 732 3289 „widmete
757 3218 920 3273 Prudentius
938 3216 982 3272 die
1000 3217 1102 3270 letzten
1120 3213 1203 3268 Jahre

142 3305 229 3358 seinos
247 3305 350 3359 Lebons
375 3306 454 3372 (nach
481 3307 544 3371 405)
572 3308 733 3376 geistliohen
760 3307 795 3376 (i)
823 3306 982 3375 Arbeitcn“)
1008 3303 1202 3373 praefationem

143 3391 259 3474 huncio
277 3397 367 3449 monte
389 3394 499 3459 habens,
524 3397 572 3450 nbi
594 3396 767 3461 Prudentius,
786 3395 915 3466 Philippo
933 3397 962 3450 et
980 3394 1054 3449 Salio
1072 3409 1136 3447 ooss.
1155 3407 1203 3445 na·

143 3483 188 3535 tus
207 3485 242 3550 (a.
261 3497 286 3536 u.
306 3482 371 3538 mel
390 3484 443 3538 348
462 3500 487 3552 p.
506 3483 568 3539 cnr.
588 3485 625 3553 n.)
644 3487 786 3554 septimum
800 3499 899 3538 annum
911 3486 940 3538 et
953 3482 1203 3553 quinquagesimum

143 3585 223 3639 ogere
242 3572 397 3640 agnoscitur
416 3573 473 3640 (eir.
492 3572 518 3628 h.
538 3574 620 3643 praef.
641 3590 664 3629 v.
686 3575 762 3628 1-3.

306 3677 368 3730 „por
386 3663 569 3733 quinquennia
586 3663 642 3733 jam
661 3662 750 3717 decem

307 3750 350 3813 „ni
368 3749 448 3805 fallor
466 3750 574 3816 inimus,
593 3751 722 3821 septimus
740 3751 847 3820 insuper

306 3853 421 3903 „annum
441 3839 519 3894 cardo
537 3842 618 3904 rotat,
638 3840 701 3894 dnm
719 3839 832 3894 trnimnr
851 3839 905 3893 sole
929 3837 1077 3908 volubili)‚“

145 3943 205 3982 eum
223 3927 272 3982 hoo
298 3927 377 3982 deum
404 3931 524 3999 tompore
552 3931 613 3999 post
640 3945 738 3983 annum
765 3928 818 3983 405
844 3927 963 3982 carmina
984 3943 1032 3982 sua
1050 3943 1204 3996 componore
1312 3917 1316 3922 ’

145 4015 262 4086 coepisse
289 4015 415 4082 declarat,
435 4018 533 4072 mirum
552 4017 581 4071 in
608 4016 714 4071 moduni
740 4016 873 4086 deceptus,
893 4032 975 4086 quum
1001 4031 1070 4072 nnus
1093 4017 1204 4088 quisquo

145 4102 226 4160 111111
243 4119 399 4178 cognoscere
416 4107 502 4177 possit
520 4109 636 4176 poetam,
655 4109 827 4181 quaerentem
845 4121 877 4162 ex
895 4121 967 4171 resep
