2848 4758
522 389 742 458 ..77-

98 569 200 634 terum
223 568 344 653 scriptis
371 568 599 652 protrahendis,
629 569 803 650 contentus,
828 589 922 654 quum
944 567 978 634 id
999 572 1159 656 praecipue

99 676 216 760 ageret,
239 675 275 740 nt
305 674 384 758 quod
413 676 503 741 verbo
527 674 682 760 designari
705 675 812 756 vallet,
834 674 867 740 id
894 675 1004 744 fortius
1026 676 1159 764 legentis

98 781 237 847 animum
271 781 418 861 afficeret,
453 783 561 847 neutra
583 781 737 868 adjectiva
761 781 855 866 (sing.
879 782 924 868 n.)
947 783 1160 850 adverbiorum

98 888 164 954 loco
187 889 306 970 saepius
329 887 472 953 adhibuit
494 907 618 973 graecos
641 886 791 956 imitatus.
814 888 901 954 Neue
923 889 965 970 II,
987 909 1059 975 pag.
1083 891 1159 960 504

101 995 188 1062 docet
212 995 430 1080 distinguenda
453 1014 518 1061 esse
552 994 697 1061 adverbia
721 993 754 1058 in
784 1000 822 1072 ,o‘
847 995 996 1076 exeuntia,
1022 1015 1098 1081 quae
1119 995 1159 1062 ad

98 1100 252 1188 adjectiva
275 1101 308 1167 in
332 1101 379 1181 ,is‘
403 1101 574 1168 desinentia
589 1101 742 1185 pertinent
764 1119 809 1166 ex.
826 1120 873 1186 gr.
895 1101 1037 1184 sublime,
1053 1103 1159 1183 celera,

98 1228 241 1288 memore,
264 1208 336 1290 alia,
360 1229 378 1274 a
400 1209 516 1275 neutris
539 1208 701 1294 adjectivis
723 1208 754 1274 et
783 1207 817 1272 in
840 1213 913 1288 ,um‘
937 1210 969 1274 et
990 1209 1023 1274 in
1047 1215 1084 1288 ,5ι
1107 1208 1160 1276 de-

98 1315 279 1395 sinentibus,
314 1334 390 1398 quae
429 1314 589 1399 praecipue
631 1315 712 1398 apud
746 1315 850 1396 poetas
883 1314 1159 1382 adverbiorum

99 1421 186 1488 loco
219 1424 380 1506 ponantur,
415 1423 542 1488 minimo
564 1425 667 1488 tamen
701 1441 772 1488 vera
796 1421 859 1487 sint
881 1420 1034 1502 adverbia:
1058 1441 1159 1489 exem·
1217 1441 1222 1454 ‘

97 1526 243 1612 piumque
266 1528 375 1612 prioris
391 1530 512 1614 generis
540 1548 575 1595 cr
598 1527 742 1593 Pnrdent.
767 1527 857 1592 affert
884 1528 995 1594 Perist.
1012 1528 1050 1608 X,
1074 1529 1157 1595 428:

102 1654 277 1718 ,nunquam
296 1685 303 1700 .
328 1687 335 1704 .
361 1685 368 1698 .
393 1685 401 1700 .
417 1635 509 1701 aliter
524 1635 679 1718 precabor,
696 1653 785 1718 quam
802 1634 928 1700 fidele
951 1635 986 1698 ut
1001 1635 1153 1701 1111111511Ιί

207 1741 355 1824 liquidem
378 1762 482 1825 quum,
505 1743 538 1807 in
561 1761 690 1825 quonam
706 1741 900 1825 potissimum
916 1741 1073 1808 distinctio
1096 1742 1157 1808 ista

8 1831 9 1856 ³
96 1848 196 1932 posita
220 1848 271 1928 sit,
294 1867 354 1913 non
388 1849 463 1914 berre
487 1847 618 1927 videam,
652 1849 822 1931 promiscue
852 1849 883 1914 ot
910 1853 1017 1928 ,vera“
1044 1850 1075 1914 et
1097 1867 1158 1916 non

97 1973 179 2034 vera,
202 1955 229 2020 si
251 1954 297 2019 ita
326 1954 445 2037 placet,
469 1973 578 2040 graeco
600 1973 682 2020 moro
705 1954 825 2037 prolata
848 1953 993 2022 adverbia
1014 1955 1157 2035 afferam3

99 2062 172 2127 eunt
193 2060 295 2126 autem
319 2060 414 2127 haec:

7 2243 8 2248 ἵ
96 2169 301 2234 aetornum
321 2169 405 2253 jacet
426 2167 538 2235 Perist.
563 2168 603 2247 II,
628 2168 703 2235 508.

6 2347 7 2354 χ
97 2277 246 2342 castum
271 2294 375 2358 sapere
398 2273 486 2343 earn
509 2275 550 2353 Il,
575 2275 627 2340 32.

96 2381 331 2447 indomitum
354 2382 472 2447 tumere
495 2380 605 2466 Psyoh.
628 2381 703 2447 296.

96 2487 311 2572 malignum
332 2507 523 2554 murmurare
545 2487 656 2556 Perist.
684 2486 723 2568 V,
746 2487 822 2554 417.

96 2612 270 2660 mancum
293 2594 467 2660 claudicare
489 2595 599 2660 Perist.
624 2594 666 2673 ll,
691 2594 767 2659 231.

95 2700 253 2785 longum
276 2700 367 2767 silere
389 2701 500 2767 Perist.
523 2701 564 2780 X,
588 2701 662 2767 393.

93 2806 272 2891 pulcrum
295 2807 454 2890 splendere
477 2807 566 2873 Ceth.
590 2805 662 2886 Vll,
688 2807 738 2872 78.

94 2931 275 2980 severum
299 2914 400 2981 vivere
424 2913 513 2980 Cath.
537 2913 578 2994 II,
602 2914 655 2980 33.

92 3019 232 3084 sudum
254 3020 424 3103 praenitere
449 3019 536 3086 uach.
560 3019 631 3099 VII,
656 3021 708 3086 80.

92 3125 312 3209 supremum
336 3127 488 3210 palpitare
512 3125 599 3192 Ceth.
624 3125 696 3207 Vll,
722 3127 794 3194 142.

91 3232 266 3296 taetrum
289 3232 420 3317 flagrare
443 3231 532 3299 Geth.
557 3233 611 3314 IV,
637 3234 690 3298 22.

91 3337 205 3403 dulce
227 3338 379 3406 delectare
401 3339 513 3406 Perist.
536 3339 576 3418 X,
600 3340 675 3406 365.

90 3444 195 3510 exile
218 3445 339 3512 trahere
363 3446 475 3528 Apoth.
500 3446 575 3512 847.

55 3587 58 3596 ,
89 3551 107 3615 f
113 3551 215 3616 utile
238 3552 378 3618 frendere
400 3553 491 3619 Ham.
515 3553 590 3618 560.

89 3656 353 3724 formidabile
375 3660 493 3725 fervere
515 3659 626 3744 Psyeh.
650 3660 725 3727 296.

88 3763 215 3830 fidele
237 3766 371 3832 militare
394 3767 504 3832 Perist.
529 3766 567 3846 V,
590 3766 667 3833 428.

87 3871 237 3956 grande
260 3873 377 3938 tumere
403 3872 494 3937 Ham.
522 3873 594 3938 171.

85 3981 181 4066 juge
204 3977 315 4045 dirrare
337 3979 412 4045 ibid.
437 3980 513 4044 472.
