2848 4758
586 336 815 408 -nc.,-

274 510 387 596 apaan
414 514 478 580 749
500 531 595 598 regna
617 515 822 596 tenebramm,
854 514 968 598 quibus
990 514 1122 586 lezana
1147 533 1229 586 acan-
1328 485 1330 492 Ι

168 620 354 700 morabatur,
376 619 548 686 describens
576 621 637 686 ait:

275 777 282 791 .
308 777 315 792 .
341 777 348 791 .
373 779 381 794 .
404 729 458 793 ubi
479 729 617 794 Taenara
639 729 741 804 tristia
764 731 851 796 vaste

278 834 328 914 „in
349 853 492 919 praeceps
508 834 627 920 dejecta
651 836 736 914 chao,
758 837 929 904 latebrosus
953 839 983 902 et
1006 838 1062 904 ille

273 941 373 1007 amnis
401 942 563 1024 inexpletis
593 942 716 1012 volvens
738 945 880 1014 incendia
903 945 988 1028 ripis.

166 1047 276 1130 Psych.
302 1048 383 1114 785:

146 1220 151 1230 ,
274 1157 490 1223 ....nulla
510 1157 609 1224 hostia
632 1156 754 1224 Christo

273 1264 400 1343 dulcior,
425 1263 525 1351 (pace)
549 1265 606 1332 hcc
628 1265 692 1332 eolo
713 1265 821 1332 sancia
843 1263 883 1332 ad
899 1263 1026 1332 donaria
1040 1267 1160 1334 nullum

271 1391 395 1437 munere
437 1373 615 1438 conveniens
641 1371 798 1454 liquida
820 1371 1049 1440 obleclalnr'
1097 1375 1222 1442 odore.

166 1479 221 1544 cfr.
245 1477 414 1561 Panislcph.
438 1478 476 1544 X.
502 1481 565 1546 361

273 1635 280 1650 .
307 1635 313 1650 .
340 1635 347 1650 .
373 1635 380 1650 .
405 1586 506 1670 surgit
528 1605 641 1669 vapor.
646 1633 785 1652 .....

164 1713 193 1758 v.
217 1694 283 1758 364
306 1693 445 1759 sublatus
468 1694 539 1759 inde
562 1693 602 1760 ad
625 1693 742 1760 coelum
764 1709 859 1776 usque
892 1693 1013 1760 telliiur

271 1802 301 1865 el
313 1802 523 1883 prosperatum
546 1800 633 1865 dulce
657 1799 789 1864 delectat
804 1799 920 1865 *deuni‘
955 1837 996 1846 —-

163 1909 333 1972 tamen-
363 1927 452 1990 saepe
481 1906 663 1972 necessitate
685 1907 806 1972 coactus
829 1907 884 1970 aui
905 1907 1004 1971 mulla
1034 1925 1112 1974 nova
1136 1918 1224 1976 'vcca-

162 2014 236 2079 bnla
258 2014 400 2092 finixcnia
431 2013 593 2093 „cinctutis
616 2032 675 2077 non
699 2012 842 2078 exaudita
857 2012 1034 2097 Cethegis,
1058 2015 1112 2080 aul
1134 2031 1223 2100 grae·

135 2149 138 2156 ⁴
163 2140 214 2187 cas
237 2141 323 2188 voces
346 2122 379 2186 in
394 2121 524 2188 latinam
548 2119 740 2186 translulenil
762 2119 913 2203 lingnam,
934 2118 1045 2204 ,qnnm
1062 2123 1141 2204 qued
1163 2141 1223 2188 ncn

162 2228 274 2294 habeas
297 2229 420 2294 aliunde
443 2233 563 2294 sumas¹‘
592 2227 698 2292 doceat
721 2224 877 2311 cicerem)
901 2246 997 2310 neque
1019 2229 1222 2296 Prudenlinm

164 2337 284 2420 tangat,
309 2337 385 2419 qued
408 2337 469 2402 alic
491 2335 556 2401 loco
579 2335 661 2400 idem
690 2331 806 2400 Cicero:
847 2352 1009 2413 „sermone
1044 2335 1154 2418 inquit,
1186 2353 1222 2402 ec

166 2441 310 2510 debemus
343 2444 399 2521 uli,
423 2443 474 2525 qul
497 2446 586 2508 nolus
610 2442 657 2506 est
679 2440 776 2518 nobis,
800 2456 848 2518 nc,
884 2441 919 2504 ul
942 2441 1076 2523 quidam,
1111 2460 1221 2526 graeca

165 2550 256 2615 verba
279 2549 466 2616 inculcantes
493 2551 561 2636 jure
583 2549 697 2631 optimo
720 2547 891 2612 rideamur“
905 2546 959 2634 ¹⁷).

269 2657 314 2722 Ex
336 2658 445 2740 quibus
468 2657 536 2742 (scl.
560 2653 693 2740 graecis)
716 2655 772 2720 hcc
792 2655 859 2739 jam
887 2655 952 2720 lccc
981 2653 1073 2720 liceat
1101 2655 1221 2722 calnae

162 2781 207 2842 ca,
231 2783 306 2846 quae
328 2764 514 2830 Prudeniius
550 2761 668 2845 primns
700 2761 898 2838 latinorum,
931 2761 1081 2843 quantum
1113 2760 1219 2842 eciem,

161 2871 328 2953 usurpavit.
360 2897 363 2906 ·

160 2976 277 3044 Amen
300 2976 387 3044 cath.
412 2977 465 3045 IV.
491 2977 533 3044 72
567 2976 703 3062 (‚‚Amen
735 2973 881 3053 reddidit,
915 2973 1074 3060 Helleluja
1105 2974 1218 3066 dixis)

159 3103 247 3152 voces
263 3103 299 3150 ex
313 3085 443 3152 hebraea
466 3085 499 3149 in
521 3102 663 3168 graecam
687 3083 718 3148 el
740 3080 871 3148 latinam
893 3080 1035 3165 linguam
1050 3083 1218 3148 translatae
1290 3139 1291 3143 ,

159 3203 214 3290 ce
230 3206 263 3284 a
279 3177 347 3289 nii

158 3315 398 3421 allophylus,
423 3353 451 3414 a,
475 3353 537 3399 um.
561 3332 736 3418 Hamcriig.
761 3332 827 3398 500
849 3329 929 3395 nic.
961 3331 1012 3396 71.

157 3461 332 3527 azymon,
355 3443 376 3521 i,
399 3441 512 3525 Apoth.
543 3441 618 3506 353.

157 3547 467 3633 blasphemium,
490 3547 514 3612 ii
542 3547 653 3632 Psych.
674 3545 754 3611 »715
778 3544 872 3629 (apud
893 3544 972 3609 alios
994 3542 1215 3611 ecclesiasticas

157 3655 318 3740 scriptores
341 3655 474 3740 legitur:
497 3653 698 3738 blasphemia,
722 3671 768 3718 ae.

154 3856 367 3870 m

261 3965 305 4030 16)
324 3961 365 4017 De
384 3959 459 4017 Orat.
478 3960 530 4026 III,
549 3961 592 4016 38.
612 3963 627 4024 ξ
646 3958 703 4014 156,

262 4053 307 4126 17)
324 4052 415 4110 Cicem
434 4050 467 4108 de
485 4049 583 4106 officiis
600 4049 623 4114 1,
642 4050 685 4104 31.
705 4049 765 4103 111.
